[{"market":"KRW-BTC","trade_date_utc":"2021-05-01","trade_time_utc":"13:21:55","timestamp":1619875315000,"trade_price":69108000.00000000,"trade_volume":0.00317289,"prev_closing_price":67939000.00000000,"change_price":1169000.00000000,"ask_bid":"BID","sequential_id":1619875315000000},{"market":"KRW-BTC","trade_date_utc":"2021-05-01","trade_time_utc":"13:21:54","timestamp":1619875314000,"trade_price":69107000.00000000,"trade_volume":0.00072351,"prev_closing_price":67939000.00000000,"change_price":1168000.00000000,"ask_bid":"ASK","sequential_id":1619875314000005},{"market":"KRW-BTC","trade_date_utc":"2021-05-01","trade_time_utc":"13:21:54","timestamp":1619875314000,"trade_price":69107000.00000000,"trade_volume":0.00533087,"prev_closing_price":67939000.00000000,"change_price":1168000.00000000,"ask_bid":"ASK","sequential_id":1619875314000004},{"market":"KRW-BTC","trade_date_utc":"2021-05-01","trade_time_utc":"13:21:54","timestamp":1619875314000,"trade_price":69105000.00000000,"trade_volume":0.09986422,"prev_closing_price":67939000.00000000,"change_price":1166000.00000000,"ask_bid":"ASK","sequential_id":1619875314000003},{"market":"KRW-BTC","trade_date_utc":"2021-05-01","trade_time_utc":"13:21:54","timestamp":1619875314000,"trade_price":69106000.00000000,"trade_volume":0.00304274,"prev_closing_price":67939000.00000000,"change_price":1167000.00000000,"ask_bid":"ASK","sequential_id":1619875314000002},{"market":"KRW-BTC","trade_date_utc":"2021-05-01","trade_time_utc":"13:21:54","timestamp":1619875314000,"trade_price":69108000.00000000,"trade_volume":0.00162824,"prev_closing_price":67939000.00000000,"change_price":1169000.00000000,"ask_bid":"ASK","sequential_id":1619875314000001},{"market":"KRW-BTC","trade_date_utc":"2021-05-01","trade_time_utc":"13:21:54","timestamp":1619875314000,"trade_price":69108000.00000000,"trade_volume":0.00083387,"prev_closing_price":67939000.00000000,"change_price":1169000.00000000,"ask_bid":"ASK","sequential_id":1619875314000000},{"market":"KRW-BTC","trade_date_utc":"2021-05-01","trade_time_utc":"13:21:53","timestamp":1619875313000,"trade_price":69109000.00000000,"trade_volume":0.00072349,"prev_closing_price":67939000.00000000,"change_price":1170000.00000000,"ask_bid":"BID","sequential_id":1619875313000000},{"market":"KRW-BTC","trade_date_utc":"2021-05-01","trade_time_utc":"13:21:52","timestamp":1619875312000,"trade_price":69109000.00000000,"trade_volume":0.01161452,"prev_closing_price":67939000.00000000,"change_price":1170000.00000000,"ask_bid":"BID","sequential_id":1619875312000000},{"market":"KRW-BTC","trade_date_utc":"2021-05-01","trade_time_utc":"13:21:50","timestamp":1619875310000,"trade_price":69108000.00000000,"trade_volume":0.00003433,"prev_closing_price":67939000.00000000,"change_price":1169000.00000000,"ask_bid":"BID","sequential_id":1619875310000000},{"market":"KRW-BTC","trade_date_utc":"2021-05-01","trade_time_utc":"13:21:49","timestamp":1619875309000,"trade_price":69108000.00000000,"trade_volume":0.01012907,"prev_closing_price":67939000.00000000,"change_price":1169000.00000000,"ask_bid":"ASK","sequential_id":1619875309000009},{"market":"KRW-BTC","trade_date_utc":"2021-05-01","trade_time_utc":"13:21:49","timestamp":1619875309000,"trade_price":69108000.00000000,"trade_volume":0.00183009,"prev_closing_price":67939000.00000000,"change_price":1169000.00000000,"ask_bid":"ASK","sequential_id":1619875309000008},{"market":"KRW-BTC","trade_date_utc":"2021-05-01","trade_time_utc":"13:21:49","timestamp":1619875309000,"trade_price":69108000.00000000,"trade_volume":0.00106393,"prev_closing_price":67939000.00000000,"change_price":1169000.00000000,"ask_bid":"ASK","sequential_id":1619875309000007},{"market":"KRW-BTC","trade_date_utc":"2021-05-01","trade_time_utc":"13:21:49","timestamp":1619875309000,"trade_price":69108000.00000000,"trade_volume":0.00502445,"prev_closing_price":67939000.00000000,"change_price":1169000.00000000,"ask_bid":"ASK","sequential_id":1619875309000006},{"market":"KRW-BTC","trade_date_utc":"2021-05-01","trade_time_utc":"13:21:49","timestamp":1619875309000,"trade_price":69108000.00000000,"trade_volume":0.00534115,"prev_closing_price":67939000.00000000,"change_price":1169000.00000000,"ask_bid":"ASK","sequential_id":1619875309000005},{"market":"KRW-BTC","trade_date_utc":"2021-05-01","trade_time_utc":"13:21:49","timestamp":1619875309000,"trade_price":69108000.00000000,"trade_volume":0.00014470,"prev_closing_price":67939000.00000000,"change_price":1169000.00000000,"ask_bid":"ASK","sequential_id":1619875309000004},{"market":"KRW-BTC","trade_date_utc":"2021-05-01","trade_time_utc":"13:21:49","timestamp":1619875309000,"trade_price":69108000.00000000,"trade_volume":0.00195718,"prev_closing_price":67939000.00000000,"change_price":1169000.00000000,"ask_bid":"ASK","sequential_id":1619875309000003},{"market":"KRW-BTC","trade_date_utc":"2021-05-01","trade_time_utc":"13:21:49","timestamp":1619875309000,"trade_price":69108000.00000000,"trade_volume":0.00110000,"prev_closing_price":67939000.00000000,"change_price":1169000.00000000,"ask_bid":"ASK","sequential_id":1619875309000002},{"market":"KRW-BTC","trade_date_utc":"2021-05-01","trade_time_utc":"13:21:49","timestamp":1619875309000,"trade_price":69109000.00000000,"trade_volume":0.02119045,"prev_closing_price":67939000.00000000,"change_price":1170000.00000000,"ask_bid":"BID","sequential_id":1619875309000001},{"market":"KRW-BTC","trade_date_utc":"2021-05-01","trade_time_utc":"13:21:49","timestamp":1619875309000,"trade_price":69109000.00000000,"trade_volume":0.00095456,"prev_closing_price":67939000.00000000,"change_price":1170000.00000000,"ask_bid":"BID","sequential_id":1619875309000000},{"market":"KRW-BTC","trade_date_utc":"2021-05-01","trade_time_utc":"13:21:48","timestamp":1619875308000,"trade_price":69108000.00000000,"trade_volume":0.00155868,"prev_closing_price":67939000.00000000,"change_price":1169000.00000000,"ask_bid":"ASK","sequential_id":1619875308000001},{"market":"KRW-BTC","trade_date_utc":"2021-05-01","trade_time_utc":"13:21:48","timestamp":1619875308000,"trade_price":69109000.00000000,"trade_volume":0.00363300,"prev_closing_price":67939000.00000000,"change_price":1170000.00000000,"ask_bid":"BID","sequential_id":1619875308000000},{"market":"KRW-BTC","trade_date_utc":"2021-05-01","trade_time_utc":"13:21:47","timestamp":1619875307000,"trade_price":69109000.00000000,"trade_volume":0.02842592,"prev_closing_price":67939000.00000000,"change_price":1170000.00000000,"ask_bid":"BID","sequential_id":1619875307000001},{"market":"KRW-BTC","trade_date_utc":"2021-05-01","trade_time_utc":"13:21:47","timestamp":1619875307000,"trade_price":69109000.00000000,"trade_volume":0.00070000,"prev_closing_price":67939000.00000000,"change_price":1170000.00000000,"ask_bid":"BID","sequential_id":1619875307000000},{"market":"KRW-BTC","trade_date_utc":"2021-05-01","trade_time_utc":"13:21:46","timestamp":1619875306000,"trade_price":69108000.00000000,"trade_volume":0.00742644,"prev_closing_price":67939000.00000000,"change_price":1169000.00000000,"ask_bid":"ASK","sequential_id":1619875306000002},{"market":"KRW-BTC","trade_date_utc":"2021-05-01","trade_time_utc":"13:21:46","timestamp":1619875306000,"trade_price":69109000.00000000,"trade_volume":0.00758286,"prev_closing_price":67939000.00000000,"change_price":1170000.00000000,"ask_bid":"BID","sequential_id":1619875306000001},{"market":"KRW-BTC","trade_date_utc":"2021-05-01","trade_time_utc":"13:21:46","timestamp":1619875306000,"trade_price":69108000.00000000,"trade_volume":0.01373474,"prev_closing_price":67939000.00000000,"change_price":1169000.00000000,"ask_bid":"ASK","sequential_id":1619875306000000},{"market":"KRW-BTC","trade_date_utc":"2021-05-01","trade_time_utc":"13:21:45","timestamp":1619875305000,"trade_price":69109000.00000000,"trade_volume":0.00144701,"prev_closing_price":67939000.00000000,"change_price":1170000.00000000,"ask_bid":"BID","sequential_id":1619875305000001},{"market":"KRW-BTC","trade_date_utc":"2021-05-01","trade_time_utc":"13:21:45","timestamp":1619875305000,"trade_price":69108000.00000000,"trade_volume":0.00118143,"prev_closing_price":67939000.00000000,"change_price":1169000.00000000,"ask_bid":"BID","sequential_id":1619875305000000},{"market":"KRW-BTC","trade_date_utc":"2021-05-01","trade_time_utc":"13:21:44","timestamp":1619875304000,"trade_price":69108000.00000000,"trade_volume":0.00189596,"prev_closing_price":67939000.00000000,"change_price":1169000.00000000,"ask_bid":"ASK","sequential_id":1619875304000001},{"market":"KRW-BTC","trade_date_utc":"2021-05-01","trade_time_utc":"13:21:44","timestamp":1619875304000,"trade_price":69109000.00000000,"trade_volume":0.00100000,"prev_closing_price":67939000.00000000,"change_price":1170000.00000000,"ask_bid":"BID","sequential_id":1619875304000000},{"market":"KRW-BTC","trade_date_utc":"2021-05-01","trade_time_utc":"13:21:43","timestamp":1619875303000,"trade_price":69109000.00000000,"trade_volume":0.00007274,"prev_closing_price":67939000.00000000,"change_price":1170000.00000000,"ask_bid":"BID","sequential_id":1619875303000005},{"market":"KRW-BTC","trade_date_utc":"2021-05-01","trade_time_utc":"13:21:43","timestamp":1619875303000,"trade_price":69109000.00000000,"trade_volume":0.01928397,"prev_closing_price":67939000.00000000,"change_price":1170000.00000000,"ask_bid":"BID","sequential_id":1619875303000004},{"market":"KRW-BTC","trade_date_utc":"2021-05-01","trade_time_utc":"13:21:43","timestamp":1619875303000,"trade_price":69109000.00000000,"trade_volume":0.01694979,"prev_closing_price":67939000.00000000,"change_price":1170000.00000000,"ask_bid":"BID","sequential_id":1619875303000003},{"market":"KRW-BTC","trade_date_utc":"2021-05-01","trade_time_utc":"13:21:43","timestamp":1619875303000,"trade_price":69105000.00000000,"trade_volume":0.12122697,"prev_closing_price":67939000.00000000,"change_price":1166000.00000000,"ask_bid":"ASK","sequential_id":1619875303000002},{"market":"KRW-BTC","trade_date_utc":"2021-05-01","trade_time_utc":"13:21:43","timestamp":1619875303000,"trade_price":69108000.00000000,"trade_volume":0.00241369,"prev_closing_price":67939000.00000000,"change_price":1169000.00000000,"ask_bid":"BID","sequential_id":1619875303000001},{"market":"KRW-BTC","trade_date_utc":"2021-05-01","trade_time_utc":"13:21:43","timestamp":1619875303000,"trade_price":69108000.00000000,"trade_volume":0.00292180,"prev_closing_price":67939000.00000000,"change_price":1169000.00000000,"ask_bid":"BID","sequential_id":1619875303000000},{"market":"KRW-BTC","trade_date_utc":"2021-05-01","trade_time_utc":"13:21:42","timestamp":1619875302000,"trade_price":69106000.00000000,"trade_volume":0.02169493,"prev_closing_price":67939000.00000000,"change_price":1167000.00000000,"ask_bid":"ASK","sequential_id":1619875302000030},{"market":"KRW-BTC","trade_date_utc":"2021-05-01","trade_time_utc":"13:21:42","timestamp":1619875302000,"trade_price":69106000.00000000,"trade_volume":0.02259591,"prev_closing_price":67939000.00000000,"change_price":1167000.00000000,"ask_bid":"ASK","sequential_id":1619875302000029},{"market":"KRW-BTC","trade_date_utc":"2021-05-01","trade_time_utc":"13:21:42","timestamp":1619875302000,"trade_price":69106000.00000000,"trade_volume":0.00361763,"prev_closing_price":67939000.00000000,"change_price":1167000.00000000,"ask_bid":"ASK","sequential_id":1619875302000028},{"market":"KRW-BTC","trade_date_utc":"2021-05-01","trade_time_utc":"13:21:42","timestamp":1619875302000,"trade_price":69108000.00000000,"trade_volume":0.00453492,"prev_closing_price":67939000.00000000,"change_price":1169000.00000000,"ask_bid":"ASK","sequential_id":1619875302000027},{"market":"KRW-BTC","trade_date_utc":"2021-05-01","trade_time_utc":"13:21:42","timestamp":1619875302000,"trade_price":69107000.00000000,"trade_volume":0.00060243,"prev_closing_price":67939000.00000000,"change_price":1168000.00000000,"ask_bid":"ASK","sequential_id":1619875302000026},{"market":"KRW-BTC","trade_date_utc":"2021-05-01","trade_time_utc":"13:21:42","timestamp":1619875302000,"trade_price":69107000.00000000,"trade_volume":0.01768835,"prev_closing_price":67939000.00000000,"change_price":1168000.00000000,"ask_bid":"ASK","sequential_id":1619875302000025},{"market":"KRW-BTC","trade_date_utc":"2021-05-01","trade_time_utc":"13:21:42","timestamp":1619875302000,"trade_price":69108000.00000000,"trade_volume":0.08682188,"prev_closing_price":67939000.00000000,"change_price":1169000.00000000,"ask_bid":"ASK","sequential_id":1619875302000024},{"market":"KRW-BTC","trade_date_utc":"2021-05-01","trade_time_utc":"13:21:42","timestamp":1619875302000,"trade_price":69107000.00000000,"trade_volume":0.01740208,"prev_closing_price":67939000.00000000,"change_price":1168000.00000000,"ask_bid":"ASK","sequential_id":1619875302000023},{"market":"KRW-BTC","trade_date_utc":"2021-05-01","trade_time_utc":"13:21:42","timestamp":1619875302000,"trade_price":69106000.00000000,"trade_volume":0.00433898,"prev_closing_price":67939000.00000000,"change_price":1167000.00000000,"ask_bid":"ASK","sequential_id":1619875302000022},{"market":"KRW-BTC","trade_date_utc":"2021-05-01","trade_time_utc":"13:21:42","timestamp":1619875302000,"trade_price":69107000.00000000,"trade_volume":0.00148476,"prev_closing_price":67939000.00000000,"change_price":1168000.00000000,"ask_bid":"ASK","sequential_id":1619875302000021},{"market":"KRW-BTC","trade_date_utc":"2021-05-01","trade_time_utc":"13:21:42","timestamp":1619875302000,"trade_price":69106000.00000000,"trade_volume":0.01553064,"prev_closing_price":67939000.00000000,"change_price":1167000.00000000,"ask_bid":"ASK","sequential_id":1619875302000020},{"market":"KRW-BTC","trade_date_utc":"2021-05-01","trade_time_utc":"13:21:42","timestamp":1619875302000,"trade_price":69106000.00000000,"trade_volume":0.00024985,"prev_closing_price":67939000.00000000,"change_price":1167000.00000000,"ask_bid":"ASK","sequential_id":1619875302000019},{"market":"KRW-BTC","trade_date_utc":"2021-05-01","trade_time_utc":"13:21:42","timestamp":1619875302000,"trade_price":69106000.00000000,"trade_volume":0.00072316,"prev_closing_price":67939000.00000000,"change_price":1167000.00000000,"ask_bid":"ASK","sequential_id":1619875302000018},{"market":"KRW-BTC","trade_date_utc":"2021-05-01","trade_time_utc":"13:21:42","timestamp":1619875302000,"trade_price":69106000.00000000,"trade_volume":0.02170578,"prev_closing_price":67939000.00000000,"change_price":1167000.00000000,"ask_bid":"ASK","sequential_id":1619875302000017},{"market":"KRW-BTC","trade_date_utc":"2021-05-01","trade_time_utc":"13:21:42","timestamp":1619875302000,"trade_price":69107000.00000000,"trade_volume":0.00913233,"prev_closing_price":67939000.00000000,"change_price":1168000.00000000,"ask_bid":"ASK","sequential_id":1619875302000016},{"market":"KRW-BTC","trade_date_utc":"2021-05-01","trade_time_utc":"13:21:42","timestamp":1619875302000,"trade_price":69106000.00000000,"trade_volume":0.01738149,"prev_closing_price":67939000.00000000,"change_price":1167000.00000000,"ask_bid":"ASK","sequential_id":1619875302000015},{"market":"KRW-BTC","trade_date_utc":"2021-05-01","trade_time_utc":"13:21:42","timestamp":1619875302000,"trade_price":69108000.00000000,"trade_volume":0.10805687,"prev_closing_price":67939000.00000000,"change_price":1169000.00000000,"ask_bid":"ASK","sequential_id":1619875302000014},{"market":"KRW-BTC","trade_date_utc":"2021-05-01","trade_time_utc":"13:21:42","timestamp":1619875302000,"trade_price":69108000.00000000,"trade_volume":0.00014470,"prev_closing_price":67939000.00000000,"change_price":1169000.00000000,"ask_bid":"ASK","sequential_id":1619875302000013},{"market":"KRW-BTC","trade_date_utc":"2021-05-01","trade_time_utc":"13:21:42","timestamp":1619875302000,"trade_price":69106000.00000000,"trade_volume":0.00144705,"prev_closing_price":67939000.00000000,"change_price":1167000.00000000,"ask_bid":"ASK","sequential_id":1619875302000012},{"market":"KRW-BTC","trade_date_utc":"2021-05-01","trade_time_utc":"13:21:42","timestamp":1619875302000,"trade_price":69106000.00000000,"trade_volume":0.00203081,"prev_closing_price":67939000.00000000,"change_price":1167000.00000000,"ask_bid":"ASK","sequential_id":1619875302000011},{"market":"KRW-BTC","trade_date_utc":"2021-05-01","trade_time_utc":"13:21:42","timestamp":1619875302000,"trade_price":69106000.00000000,"trade_volume":0.00100000,"prev_closing_price":67939000.00000000,"change_price":1167000.00000000,"ask_bid":"ASK","sequential_id":1619875302000010},{"market":"KRW-BTC","trade_date_utc":"2021-05-01","trade_time_utc":"13:21:42","timestamp":1619875302000,"trade_price":69107000.00000000,"trade_volume":0.00432901,"prev_closing_price":67939000.00000000,"change_price":1168000.00000000,"ask_bid":"ASK","sequential_id":1619875302000009},{"market":"KRW-BTC","trade_date_utc":"2021-05-01","trade_time_utc":"13:21:42","timestamp":1619875302000,"trade_price":69106000.00000000,"trade_volume":0.00144705,"prev_closing_price":67939000.00000000,"change_price":1167000.00000000,"ask_bid":"ASK","sequential_id":1619875302000008},{"market":"KRW-BTC","trade_date_utc":"2021-05-01","trade_time_utc":"13:21:42","timestamp":1619875302000,"trade_price":69106000.00000000,"trade_volume":0.00016276,"prev_closing_price":67939000.00000000,"change_price":1167000.00000000,"ask_bid":"ASK","sequential_id":1619875302000007},{"market":"KRW-BTC","trade_date_utc":"2021-05-01","trade_time_utc":"13:21:42","timestamp":1619875302000,"trade_price":69106000.00000000,"trade_volume":0.00165361,"prev_closing_price":67939000.00000000,"change_price":1167000.00000000,"ask_bid":"ASK","sequential_id":1619875302000006},{"market":"KRW-BTC","trade_date_utc":"2021-05-01","trade_time_utc":"13:21:42","timestamp":1619875302000,"trade_price":69106000.00000000,"trade_volume":0.00043412,"prev_closing_price":67939000.00000000,"change_price":1167000.00000000,"ask_bid":"ASK","sequential_id":1619875302000005},{"market":"KRW-BTC","trade_date_utc":"2021-05-01","trade_time_utc":"13:21:42","timestamp":1619875302000,"trade_price":69106000.00000000,"trade_volume":0.00788292,"prev_closing_price":67939000.00000000,"change_price":1167000.00000000,"ask_bid":"ASK","sequential_id":1619875302000004},{"market":"KRW-BTC","trade_date_utc":"2021-05-01","trade_time_utc":"13:21:42","timestamp":1619875302000,"trade_price":69106000.00000000,"trade_volume":0.02894062,"prev_closing_price":67939000.00000000,"change_price":1167000.00000000,"ask_bid":"ASK","sequential_id":1619875302000003},{"market":"KRW-BTC","trade_date_utc":"2021-05-01","trade_time_utc":"13:21:42","timestamp":1619875302000,"trade_price":69108000.00000000,"trade_volume":0.05000000,"prev_closing_price":67939000.00000000,"change_price":1169000.00000000,"ask_bid":"ASK","sequential_id":1619875302000002},{"market":"KRW-BTC","trade_date_utc":"2021-05-01","trade_time_utc":"13:21:42","timestamp":1619875302000,"trade_price":69106000.00000000,"trade_volume":0.01536343,"prev_closing_price":67939000.00000000,"change_price":1167000.00000000,"ask_bid":"ASK","sequential_id":1619875302000001},{"market":"KRW-BTC","trade_date_utc":"2021-05-01","trade_time_utc":"13:21:42","timestamp":1619875302000,"trade_price":69108000.00000000,"trade_volume":0.00072349,"prev_closing_price":67939000.00000000,"change_price":1169000.00000000,"ask_bid":"BID","sequential_id":1619875302000000},{"market":"KRW-BTC","trade_date_utc":"2021-05-01","trade_time_utc":"13:21:41","timestamp":1619875301000,"trade_price":69108000.00000000,"trade_volume":0.02933612,"prev_closing_price":67939000.00000000,"change_price":1169000.00000000,"ask_bid":"ASK","sequential_id":1619875301000000},{"market":"KRW-BTC","trade_date_utc":"2021-05-01","trade_time_utc":"13:21:40","timestamp":1619875300000,"trade_price":69108000.00000000,"trade_volume":0.01097777,"prev_closing_price":67939000.00000000,"change_price":1169000.00000000,"ask_bid":"ASK","sequential_id":1619875300000000},{"market":"KRW-BTC","trade_date_utc":"2021-05-01","trade_time_utc":"13:21:39","timestamp":1619875299000,"trade_price":69108000.00000000,"trade_volume":0.00975009,"prev_closing_price":67939000.00000000,"change_price":1169000.00000000,"ask_bid":"ASK","sequential_id":1619875299000001},{"market":"KRW-BTC","trade_date_utc":"2021-05-01","trade_time_utc":"13:21:39","timestamp":1619875299000,"trade_price":69108000.00000000,"trade_volume":0.07283454,"prev_closing_price":67939000.00000000,"change_price":1169000.00000000,"ask_bid":"ASK","sequential_id":1619875299000000},{"market":"KRW-BTC","trade_date_utc":"2021-05-01","trade_time_utc":"13:21:38","timestamp":1619875298000,"trade_price":69108000.00000000,"trade_volume":0.01092788,"prev_closing_price":67939000.00000000,"change_price":1169000.00000000,"ask_bid":"ASK","sequential_id":1619875298000001},{"market":"KRW-BTC","trade_date_utc":"2021-05-01","trade_time_utc":"13:21:38","timestamp":1619875298000,"trade_price":69109000.00000000,"trade_volume":0.00868193,"prev_closing_price":67939000.00000000,"change_price":1170000.00000000,"ask_bid":"BID","sequential_id":1619875298000000},{"market":"KRW-BTC","trade_date_utc":"2021-05-01","trade_time_utc":"13:21:37","timestamp":1619875297000,"trade_price":69108000.00000000,"trade_volume":0.00418071,"prev_closing_price":67939000.00000000,"change_price":1169000.00000000,"ask_bid":"ASK","sequential_id":1619875297000000},{"market":"KRW-BTC","trade_date_utc":"2021-05-01","trade_time_utc":"13:21:36","timestamp":1619875296000,"trade_price":69108000.00000000,"trade_volume":0.00086967,"prev_closing_price":67939000.00000000,"change_price":1169000.00000000,"ask_bid":"ASK","sequential_id":1619875296000009},{"market":"KRW-BTC","trade_date_utc":"2021-05-01","trade_time_utc":"13:21:36","timestamp":1619875296000,"trade_price":69109000.00000000,"trade_volume":0.04159161,"prev_closing_price":67939000.00000000,"change_price":1170000.00000000,"ask_bid":"BID","sequential_id":1619875296000008},{"market":"KRW-BTC","trade_date_utc":"2021-05-01","trade_time_utc":"13:21:36","timestamp":1619875296000,"trade_price":69109000.00000000,"trade_volume":0.01308607,"prev_closing_price":67939000.00000000,"change_price":1170000.00000000,"ask_bid":"BID","sequential_id":1619875296000007},{"market":"KRW-BTC","trade_date_utc":"2021-05-01","trade_time_utc":"13:21:36","timestamp":1619875296000,"trade_price":69109000.00000000,"trade_volume":0.00018052,"prev_closing_price":67939000.00000000,"change_price":1170000.00000000,"ask_bid":"BID","sequential_id":1619875296000006},{"market":"KRW-BTC","trade_date_utc":"2021-05-01","trade_time_utc":"13:21:36","timestamp":1619875296000,"trade_price":69109000.00000000,"trade_volume":0.00103263,"prev_closing_price":67939000.00000000,"change_price":1170000.00000000,"ask_bid":"BID","sequential_id":1619875296000005},{"market":"KRW-BTC","trade_date_utc":"2021-05-01","trade_time_utc":"13:21:36","timestamp":1619875296000,"trade_price":69109000.00000000,"trade_volume":0.01698733,"prev_closing_price":67939000.00000000,"change_price":1170000.00000000,"ask_bid":"BID","sequential_id":1619875296000004},{"market":"KRW-BTC","trade_date_utc":"2021-05-01","trade_time_utc":"13:21:36","timestamp":1619875296000,"trade_price":69109000.00000000,"trade_volume":0.00433830,"prev_closing_price":67939000.00000000,"change_price":1170000.00000000,"ask_bid":"BID","sequential_id":1619875296000003},{"market":"KRW-BTC","trade_date_utc":"2021-05-01","trade_time_utc":"13:21:36","timestamp":1619875296000,"trade_price":69109000.00000000,"trade_volume":0.00007910,"prev_closing_price":67939000.00000000,"change_price":1170000.00000000,"ask_bid":"BID","sequential_id":1619875296000002},{"market":"KRW-BTC","trade_date_utc":"2021-05-01","trade_time_utc":"13:21:36","timestamp":1619875296000,"trade_price":69109000.00000000,"trade_volume":0.00155035,"prev_closing_price":67939000.00000000,"change_price":1170000.00000000,"ask_bid":"BID","sequential_id":1619875296000001},{"market":"KRW-BTC","trade_date_utc":"2021-05-01","trade_time_utc":"13:21:36","timestamp":1619875296000,"trade_price":69108000.00000000,"trade_volume":0.00706972,"prev_closing_price":67939000.00000000,"change_price":1169000.00000000,"ask_bid":"ASK","sequential_id":1619875296000000},{"market":"KRW-BTC","trade_date_utc":"2021-05-01","trade_time_utc":"13:21:35","timestamp":1619875295000,"trade_price":69108000.00000000,"trade_volume":0.03743245,"prev_closing_price":67939000.00000000,"change_price":1169000.00000000,"ask_bid":"BID","sequential_id":1619875295000006},{"market":"KRW-BTC","trade_date_utc":"2021-05-01","trade_time_utc":"13:21:35","timestamp":1619875295000,"trade_price":69108000.00000000,"trade_volume":0.00020000,"prev_closing_price":67939000.00000000,"change_price":1169000.00000000,"ask_bid":"BID","sequential_id":1619875295000005},{"market":"KRW-BTC","trade_date_utc":"2021-05-01","trade_time_utc":"13:21:35","timestamp":1619875295000,"trade_price":69108000.00000000,"trade_volume":0.03630873,"prev_closing_price":67939000.00000000,"change_price":1169000.00000000,"ask_bid":"BID","sequential_id":1619875295000004},{"market":"KRW-BTC","trade_date_utc":"2021-05-01","trade_time_utc":"13:21:35","timestamp":1619875295000,"trade_price":69108000.00000000,"trade_volume":0.00173131,"prev_closing_price":67939000.00000000,"change_price":1169000.00000000,"ask_bid":"BID","sequential_id":1619875295000003},{"market":"KRW-BTC","trade_date_utc":"2021-05-01","trade_time_utc":"13:21:35","timestamp":1619875295000,"trade_price":69108000.00000000,"trade_volume":0.00217822,"prev_closing_price":67939000.00000000,"change_price":1169000.00000000,"ask_bid":"BID","sequential_id":1619875295000002},{"market":"KRW-BTC","trade_date_utc":"2021-05-01","trade_time_utc":"13:21:35","timestamp":1619875295000,"trade_price":69108000.00000000,"trade_volume":0.01814592,"prev_closing_price":67939000.00000000,"change_price":1169000.00000000,"ask_bid":"BID","sequential_id":1619875295000001},{"market":"KRW-BTC","trade_date_utc":"2021-05-01","trade_time_utc":"13:21:35","timestamp":1619875295000,"trade_price":69108000.00000000,"trade_volume":0.04337415,"prev_closing_price":67939000.00000000,"change_price":1169000.00000000,"ask_bid":"BID","sequential_id":1619875295000000},{"market":"KRW-BTC","trade_date_utc":"2021-05-01","trade_time_utc":"13:21:34","timestamp":1619875294000,"trade_price":69107000.00000000,"trade_volume":0.01446308,"prev_closing_price":67939000.00000000,"change_price":1168000.00000000,"ask_bid":"ASK","sequential_id":1619875294000012},{"market":"KRW-BTC","trade_date_utc":"2021-05-01","trade_time_utc":"13:21:34","timestamp":1619875294000,"trade_price":69108000.00000000,"trade_volume":0.01808763,"prev_closing_price":67939000.00000000,"change_price":1169000.00000000,"ask_bid":"BID","sequential_id":1619875294000011},{"market":"KRW-BTC","trade_date_utc":"2021-05-01","trade_time_utc":"13:21:34","timestamp":1619875294000,"trade_price":69108000.00000000,"trade_volume":0.04856920,"prev_closing_price":67939000.00000000,"change_price":1169000.00000000,"ask_bid":"BID","sequential_id":1619875294000010},{"market":"KRW-BTC","trade_date_utc":"2021-05-01","trade_time_utc":"13:21:34","timestamp":1619875294000,"trade_price":69108000.00000000,"trade_volume":0.03156259,"prev_closing_price":67939000.00000000,"change_price":1169000.00000000,"ask_bid":"BID","sequential_id":1619875294000009},{"market":"KRW-BTC","trade_date_utc":"2021-05-01","trade_time_utc":"13:21:34","timestamp":1619875294000,"trade_price":69108000.00000000,"trade_volume":0.00148827,"prev_closing_price":67939000.00000000,"change_price":1169000.00000000,"ask_bid":"BID","sequential_id":1619875294000008},{"market":"KRW-BTC","trade_date_utc":"2021-05-01","trade_time_utc":"13:21:34","timestamp":1619875294000,"trade_price":69107000.00000000,"trade_volume":0.00340112,"prev_closing_price":67939000.00000000,"change_price":1168000.00000000,"ask_bid":"ASK","sequential_id":1619875294000007},{"market":"KRW-BTC","trade_date_utc":"2021-05-01","trade_time_utc":"13:21:34","timestamp":1619875294000,"trade_price":69107000.00000000,"trade_volume":0.00339727,"prev_closing_price":67939000.00000000,"change_price":1168000.00000000,"ask_bid":"ASK","sequential_id":1619875294000006},{"market":"KRW-BTC","trade_date_utc":"2021-05-01","trade_time_utc":"13:21:34","timestamp":1619875294000,"trade_price":69107000.00000000,"trade_volume":0.01447010,"prev_closing_price":67939000.00000000,"change_price":1168000.00000000,"ask_bid":"ASK","sequential_id":1619875294000005},{"market":"KRW-BTC","trade_date_utc":"2021-05-01","trade_time_utc":"13:21:34","timestamp":1619875294000,"trade_price":69107000.00000000,"trade_volume":0.03753331,"prev_closing_price":67939000.00000000,"change_price":1168000.00000000,"ask_bid":"ASK","sequential_id":1619875294000004},{"market":"KRW-BTC","trade_date_utc":"2021-05-01","trade_time_utc":"13:21:34","timestamp":1619875294000,"trade_price":69107000.00000000,"trade_volume":0.00354371,"prev_closing_price":67939000.00000000,"change_price":1168000.00000000,"ask_bid":"ASK","sequential_id":1619875294000003},{"market":"KRW-BTC","trade_date_utc":"2021-05-01","trade_time_utc":"13:21:34","timestamp":1619875294000,"trade_price":69107000.00000000,"trade_volume":0.00072351,"prev_closing_price":67939000.00000000,"change_price":1168000.00000000,"ask_bid":"ASK","sequential_id":1619875294000002},{"market":"KRW-BTC","trade_date_utc":"2021-05-01","trade_time_utc":"13:21:34","timestamp":1619875294000,"trade_price":69107000.00000000,"trade_volume":0.00159093,"prev_closing_price":67939000.00000000,"change_price":1168000.00000000,"ask_bid":"ASK","sequential_id":1619875294000001},{"market":"KRW-BTC","trade_date_utc":"2021-05-01","trade_time_utc":"13:21:34","timestamp":1619875294000,"trade_price":69107000.00000000,"trade_volume":0.02788435,"prev_closing_price":67939000.00000000,"change_price":1168000.00000000,"ask_bid":"ASK","sequential_id":1619875294000000},{"market":"KRW-BTC","trade_date_utc":"2021-05-01","trade_time_utc":"13:21:31","timestamp":1619875291000,"trade_price":69107000.00000000,"trade_volume":0.01446308,"prev_closing_price":67939000.00000000,"change_price":1168000.00000000,"ask_bid":"ASK","sequential_id":1619875291000003},{"market":"KRW-BTC","trade_date_utc":"2021-05-01","trade_time_utc":"13:21:31","timestamp":1619875291000,"trade_price":69107000.00000000,"trade_volume":0.01269242,"prev_closing_price":67939000.00000000,"change_price":1168000.00000000,"ask_bid":"ASK","sequential_id":1619875291000002},{"market":"KRW-BTC","trade_date_utc":"2021-05-01","trade_time_utc":"13:21:31","timestamp":1619875291000,"trade_price":69107000.00000000,"trade_volume":0.07063585,"prev_closing_price":67939000.00000000,"change_price":1168000.00000000,"ask_bid":"ASK","sequential_id":1619875291000001},{"market":"KRW-BTC","trade_date_utc":"2021-05-01","trade_time_utc":"13:21:31","timestamp":1619875291000,"trade_price":69108000.00000000,"trade_volume":0.00289406,"prev_closing_price":67939000.00000000,"change_price":1169000.00000000,"ask_bid":"BID","sequential_id":1619875291000000},{"market":"KRW-BTC","trade_date_utc":"2021-05-01","trade_time_utc":"13:21:30","timestamp":1619875290000,"trade_price":69107000.00000000,"trade_volume":0.00579508,"prev_closing_price":67939000.00000000,"change_price":1168000.00000000,"ask_bid":"ASK","sequential_id":1619875290000006},{"market":"KRW-BTC","trade_date_utc":"2021-05-01","trade_time_utc":"13:21:30","timestamp":1619875290000,"trade_price":69107000.00000000,"trade_volume":0.00008677,"prev_closing_price":67939000.00000000,"change_price":1168000.00000000,"ask_bid":"ASK","sequential_id":1619875290000005},{"market":"KRW-BTC","trade_date_utc":"2021-05-01","trade_time_utc":"13:21:30","timestamp":1619875290000,"trade_price":69107000.00000000,"trade_volume":0.01086523,"prev_closing_price":67939000.00000000,"change_price":1168000.00000000,"ask_bid":"ASK","sequential_id":1619875290000004},{"market":"KRW-BTC","trade_date_utc":"2021-05-01","trade_time_utc":"13:21:30","timestamp":1619875290000,"trade_price":69107000.00000000,"trade_volume":0.00351108,"prev_closing_price":67939000.00000000,"change_price":1168000.00000000,"ask_bid":"ASK","sequential_id":1619875290000003},{"market":"KRW-BTC","trade_date_utc":"2021-05-01","trade_time_utc":"13:21:30","timestamp":1619875290000,"trade_price":69108000.00000000,"trade_volume":0.00177213,"prev_closing_price":67939000.00000000,"change_price":1169000.00000000,"ask_bid":"BID","sequential_id":1619875290000002},{"market":"KRW-BTC","trade_date_utc":"2021-05-01","trade_time_utc":"13:21:30","timestamp":1619875290000,"trade_price":69108000.00000000,"trade_volume":0.00781335,"prev_closing_price":67939000.00000000,"change_price":1169000.00000000,"ask_bid":"BID","sequential_id":1619875290000001},{"market":"KRW-BTC","trade_date_utc":"2021-05-01","trade_time_utc":"13:21:30","timestamp":1619875290000,"trade_price":69108000.00000000,"trade_volume":0.00736169,"prev_closing_price":67939000.00000000,"change_price":1169000.00000000,"ask_bid":"BID","sequential_id":1619875290000000},{"market":"KRW-BTC","trade_date_utc":"2021-05-01","trade_time_utc":"13:21:29","timestamp":1619875289000,"trade_price":69107000.00000000,"trade_volume":0.01446308,"prev_closing_price":67939000.00000000,"change_price":1168000.00000000,"ask_bid":"ASK","sequential_id":1619875289000003},{"market":"KRW-BTC","trade_date_utc":"2021-05-01","trade_time_utc":"13:21:29","timestamp":1619875289000,"trade_price":69108000.00000000,"trade_volume":0.00306356,"prev_closing_price":67939000.00000000,"change_price":1169000.00000000,"ask_bid":"BID","sequential_id":1619875289000002},{"market":"KRW-BTC","trade_date_utc":"2021-05-01","trade_time_utc":"13:21:29","timestamp":1619875289000,"trade_price":69108000.00000000,"trade_volume":0.00090000,"prev_closing_price":67939000.00000000,"change_price":1169000.00000000,"ask_bid":"BID","sequential_id":1619875289000001},{"market":"KRW-BTC","trade_date_utc":"2021-05-01","trade_time_utc":"13:21:29","timestamp":1619875289000,"trade_price":69107000.00000000,"trade_volume":0.00348575,"prev_closing_price":67939000.00000000,"change_price":1168000.00000000,"ask_bid":"ASK","sequential_id":1619875289000000},{"market":"KRW-BTC","trade_date_utc":"2021-05-01","trade_time_utc":"13:21:28","timestamp":1619875288000,"trade_price":69107000.00000000,"trade_volume":0.17634198,"prev_closing_price":67939000.00000000,"change_price":1168000.00000000,"ask_bid":"ASK","sequential_id":1619875288000003},{"market":"KRW-BTC","trade_date_utc":"2021-05-01","trade_time_utc":"13:21:28","timestamp":1619875288000,"trade_price":69107000.00000000,"trade_volume":0.01365802,"prev_closing_price":67939000.00000000,"change_price":1168000.00000000,"ask_bid":"ASK","sequential_id":1619875288000002},{"market":"KRW-BTC","trade_date_utc":"2021-05-01","trade_time_utc":"13:21:28","timestamp":1619875288000,"trade_price":69108000.00000000,"trade_volume":0.03400000,"prev_closing_price":67939000.00000000,"change_price":1169000.00000000,"ask_bid":"BID","sequential_id":1619875288000001},{"market":"KRW-BTC","trade_date_utc":"2021-05-01","trade_time_utc":"13:21:28","timestamp":1619875288000,"trade_price":69107000.00000000,"trade_volume":0.01900000,"prev_closing_price":67939000.00000000,"change_price":1168000.00000000,"ask_bid":"ASK","sequential_id":1619875288000000},{"market":"KRW-BTC","trade_date_utc":"2021-05-01","trade_time_utc":"13:21:27","timestamp":1619875287000,"trade_price":69108000.00000000,"trade_volume":0.00070000,"prev_closing_price":67939000.00000000,"change_price":1169000.00000000,"ask_bid":"BID","sequential_id":1619875287000000},{"market":"KRW-BTC","trade_date_utc":"2021-05-01","trade_time_utc":"13:21:26","timestamp":1619875286000,"trade_price":69107000.00000000,"trade_volume":0.19000000,"prev_closing_price":67939000.00000000,"change_price":1168000.00000000,"ask_bid":"ASK","sequential_id":1619875286000001},{"market":"KRW-BTC","trade_date_utc":"2021-05-01","trade_time_utc":"13:21:26","timestamp":1619875286000,"trade_price":69108000.00000000,"trade_volume":0.01065825,"prev_closing_price":67939000.00000000,"change_price":1169000.00000000,"ask_bid":"BID","sequential_id":1619875286000000},{"market":"KRW-BTC","trade_date_utc":"2021-05-01","trade_time_utc":"13:21:25","timestamp":1619875285000,"trade_price":69107000.00000000,"trade_volume":0.19000000,"prev_closing_price":67939000.00000000,"change_price":1168000.00000000,"ask_bid":"ASK","sequential_id":1619875285000007},{"market":"KRW-BTC","trade_date_utc":"2021-05-01","trade_time_utc":"13:21:25","timestamp":1619875285000,"trade_price":69107000.00000000,"trade_volume":0.00040000,"prev_closing_price":67939000.00000000,"change_price":1168000.00000000,"ask_bid":"ASK","sequential_id":1619875285000006},{"market":"KRW-BTC","trade_date_utc":"2021-05-01","trade_time_utc":"13:21:25","timestamp":1619875285000,"trade_price":69107000.00000000,"trade_volume":0.13577270,"prev_closing_price":67939000.00000000,"change_price":1168000.00000000,"ask_bid":"ASK","sequential_id":1619875285000005},{"market":"KRW-BTC","trade_date_utc":"2021-05-01","trade_time_utc":"13:21:25","timestamp":1619875285000,"trade_price":69107000.00000000,"trade_volume":0.00419432,"prev_closing_price":67939000.00000000,"change_price":1168000.00000000,"ask_bid":"ASK","sequential_id":1619875285000004},{"market":"KRW-BTC","trade_date_utc":"2021-05-01","trade_time_utc":"13:21:25","timestamp":1619875285000,"trade_price":69107000.00000000,"trade_volume":0.00217054,"prev_closing_price":67939000.00000000,"change_price":1168000.00000000,"ask_bid":"ASK","sequential_id":1619875285000003},{"market":"KRW-BTC","trade_date_utc":"2021-05-01","trade_time_utc":"13:21:25","timestamp":1619875285000,"trade_price":69107000.00000000,"trade_volume":0.04351458,"prev_closing_price":67939000.00000000,"change_price":1168000.00000000,"ask_bid":"ASK","sequential_id":1619875285000002},{"market":"KRW-BTC","trade_date_utc":"2021-05-01","trade_time_utc":"13:21:25","timestamp":1619875285000,"trade_price":69107000.00000000,"trade_volume":0.01306029,"prev_closing_price":67939000.00000000,"change_price":1168000.00000000,"ask_bid":"ASK","sequential_id":1619875285000001},{"market":"KRW-BTC","trade_date_utc":"2021-05-01","trade_time_utc":"13:21:25","timestamp":1619875285000,"trade_price":69107000.00000000,"trade_volume":0.01447031,"prev_closing_price":67939000.00000000,"change_price":1168000.00000000,"ask_bid":"ASK","sequential_id":1619875285000000},{"market":"KRW-BTC","trade_date_utc":"2021-05-01","trade_time_utc":"13:21:24","timestamp":1619875284000,"trade_price":69107000.00000000,"trade_volume":0.02182224,"prev_closing_price":67939000.00000000,"change_price":1168000.00000000,"ask_bid":"ASK","sequential_id":1619875284000001},{"market":"KRW-BTC","trade_date_utc":"2021-05-01","trade_time_utc":"13:21:24","timestamp":1619875284000,"trade_price":69108000.00000000,"trade_volume":0.00420957,"prev_closing_price":67939000.00000000,"change_price":1169000.00000000,"ask_bid":"BID","sequential_id":1619875284000000},{"market":"KRW-BTC","trade_date_utc":"2021-05-01","trade_time_utc":"13:21:23","timestamp":1619875283000,"trade_price":69108000.00000000,"trade_volume":0.01446989,"prev_closing_price":67939000.00000000,"change_price":1169000.00000000,"ask_bid":"BID","sequential_id":1619875283000001},{"market":"KRW-BTC","trade_date_utc":"2021-05-01","trade_time_utc":"13:21:23","timestamp":1619875283000,"trade_price":69107000.00000000,"trade_volume":0.00113540,"prev_closing_price":67939000.00000000,"change_price":1168000.00000000,"ask_bid":"ASK","sequential_id":1619875283000000},{"market":"KRW-BTC","trade_date_utc":"2021-05-01","trade_time_utc":"13:21:22","timestamp":1619875282000,"trade_price":69108000.00000000,"trade_volume":0.00217048,"prev_closing_price":67939000.00000000,"change_price":1169000.00000000,"ask_bid":"BID","sequential_id":1619875282000000},{"market":"KRW-BTC","trade_date_utc":"2021-05-01","trade_time_utc":"13:21:21","timestamp":1619875281000,"trade_price":69108000.00000000,"trade_volume":0.01446926,"prev_closing_price":67939000.00000000,"change_price":1169000.00000000,"ask_bid":"BID","sequential_id":1619875281000000},{"market":"KRW-BTC","trade_date_utc":"2021-05-01","trade_time_utc":"13:21:20","timestamp":1619875280000,"trade_price":69108000.00000000,"trade_volume":0.00200000,"prev_closing_price":67939000.00000000,"change_price":1169000.00000000,"ask_bid":"BID","sequential_id":1619875280000000},{"market":"KRW-BTC","trade_date_utc":"2021-05-01","trade_time_utc":"13:21:19","timestamp":1619875279000,"trade_price":69108000.00000000,"trade_volume":0.00070000,"prev_closing_price":67939000.00000000,"change_price":1169000.00000000,"ask_bid":"BID","sequential_id":1619875279000000},{"market":"KRW-BTC","trade_date_utc":"2021-05-01","trade_time_utc":"13:21:18","timestamp":1619875278000,"trade_price":69108000.00000000,"trade_volume":0.01492611,"prev_closing_price":67939000.00000000,"change_price":1169000.00000000,"ask_bid":"BID","sequential_id":1619875278000000},{"market":"KRW-BTC","trade_date_utc":"2021-05-01","trade_time_utc":"13:21:17","timestamp":1619875277000,"trade_price":69107000.00000000,"trade_volume":0.04841632,"prev_closing_price":67939000.00000000,"change_price":1168000.00000000,"ask_bid":"ASK","sequential_id":1619875277000003},{"market":"KRW-BTC","trade_date_utc":"2021-05-01","trade_time_utc":"13:21:17","timestamp":1619875277000,"trade_price":69108000.00000000,"trade_volume":0.07961257,"prev_closing_price":67939000.00000000,"change_price":1169000.00000000,"ask_bid":"BID","sequential_id":1619875277000002},{"market":"KRW-BTC","trade_date_utc":"2021-05-01","trade_time_utc":"13:21:17","timestamp":1619875277000,"trade_price":69107000.00000000,"trade_volume":0.01122517,"prev_closing_price":67939000.00000000,"change_price":1168000.00000000,"ask_bid":"ASK","sequential_id":1619875277000001},{"market":"KRW-BTC","trade_date_utc":"2021-05-01","trade_time_utc":"13:21:17","timestamp":1619875277000,"trade_price":69108000.00000000,"trade_volume":0.00214504,"prev_closing_price":67939000.00000000,"change_price":1169000.00000000,"ask_bid":"BID","sequential_id":1619875277000000},{"market":"KRW-BTC","trade_date_utc":"2021-05-01","trade_time_utc":"13:21:16","timestamp":1619875276000,"trade_price":69108000.00000000,"trade_volume":0.00725634,"prev_closing_price":67939000.00000000,"change_price":1169000.00000000,"ask_bid":"BID","sequential_id":1619875276000001},{"market":"KRW-BTC","trade_date_utc":"2021-05-01","trade_time_utc":"13:21:16","timestamp":1619875276000,"trade_price":69108000.00000000,"trade_volume":0.02747947,"prev_closing_price":67939000.00000000,"change_price":1169000.00000000,"ask_bid":"BID","sequential_id":1619875276000000},{"market":"KRW-BTC","trade_date_utc":"2021-05-01","trade_time_utc":"13:21:15","timestamp":1619875275000,"trade_price":69107000.00000000,"trade_volume":0.01445957,"prev_closing_price":67939000.00000000,"change_price":1168000.00000000,"ask_bid":"ASK","sequential_id":1619875275000000},{"market":"KRW-BTC","trade_date_utc":"2021-05-01","trade_time_utc":"13:21:14","timestamp":1619875274000,"trade_price":69108000.00000000,"trade_volume":0.00336984,"prev_closing_price":67939000.00000000,"change_price":1169000.00000000,"ask_bid":"ASK","sequential_id":1619875274000005},{"market":"KRW-BTC","trade_date_utc":"2021-05-01","trade_time_utc":"13:21:14","timestamp":1619875274000,"trade_price":69108000.00000000,"trade_volume":0.00144701,"prev_closing_price":67939000.00000000,"change_price":1169000.00000000,"ask_bid":"ASK","sequential_id":1619875274000004},{"market":"KRW-BTC","trade_date_utc":"2021-05-01","trade_time_utc":"13:21:14","timestamp":1619875274000,"trade_price":69107000.00000000,"trade_volume":0.10068582,"prev_closing_price":67939000.00000000,"change_price":1168000.00000000,"ask_bid":"ASK","sequential_id":1619875274000003},{"market":"KRW-BTC","trade_date_utc":"2021-05-01","trade_time_utc":"13:21:14","timestamp":1619875274000,"trade_price":69108000.00000000,"trade_volume":0.01500000,"prev_closing_price":67939000.00000000,"change_price":1169000.00000000,"ask_bid":"ASK","sequential_id":1619875274000002},{"market":"KRW-BTC","trade_date_utc":"2021-05-01","trade_time_utc":"13:21:14","timestamp":1619875274000,"trade_price":69108000.00000000,"trade_volume":0.00304254,"prev_closing_price":67939000.00000000,"change_price":1169000.00000000,"ask_bid":"ASK","sequential_id":1619875274000001},{"market":"KRW-BTC","trade_date_utc":"2021-05-01","trade_time_utc":"13:21:14","timestamp":1619875274000,"trade_price":69109000.00000000,"trade_volume":0.00080000,"prev_closing_price":67939000.00000000,"change_price":1170000.00000000,"ask_bid":"BID","sequential_id":1619875274000000},{"market":"KRW-BTC","trade_date_utc":"2021-05-01","trade_time_utc":"13:21:12","timestamp":1619875272000,"trade_price":69109000.00000000,"trade_volume":0.00050000,"prev_closing_price":67939000.00000000,"change_price":1170000.00000000,"ask_bid":"BID","sequential_id":1619875272000000},{"market":"KRW-BTC","trade_date_utc":"2021-05-01","trade_time_utc":"13:21:11","timestamp":1619875271000,"trade_price":69109000.00000000,"trade_volume":0.00987118,"prev_closing_price":67939000.00000000,"change_price":1170000.00000000,"ask_bid":"BID","sequential_id":1619875271000002},{"market":"KRW-BTC","trade_date_utc":"2021-05-01","trade_time_utc":"13:21:11","timestamp":1619875271000,"trade_price":69108000.00000000,"trade_volume":0.00239328,"prev_closing_price":67939000.00000000,"change_price":1169000.00000000,"ask_bid":"BID","sequential_id":1619875271000001},{"market":"KRW-BTC","trade_date_utc":"2021-05-01","trade_time_utc":"13:21:11","timestamp":1619875271000,"trade_price":69109000.00000000,"trade_volume":0.00211352,"prev_closing_price":67939000.00000000,"change_price":1170000.00000000,"ask_bid":"BID","sequential_id":1619875271000000},{"market":"KRW-BTC","trade_date_utc":"2021-05-01","trade_time_utc":"13:21:10","timestamp":1619875270000,"trade_price":69108000.00000000,"trade_volume":0.00144701,"prev_closing_price":67939000.00000000,"change_price":1169000.00000000,"ask_bid":"ASK","sequential_id":1619875270000000},{"market":"KRW-BTC","trade_date_utc":"2021-05-01","trade_time_utc":"13:21:09","timestamp":1619875269000,"trade_price":69108000.00000000,"trade_volume":0.01578832,"prev_closing_price":67939000.00000000,"change_price":1169000.00000000,"ask_bid":"ASK","sequential_id":1619875269000005},{"market":"KRW-BTC","trade_date_utc":"2021-05-01","trade_time_utc":"13:21:09","timestamp":1619875269000,"trade_price":69108000.00000000,"trade_volume":0.02894062,"prev_closing_price":67939000.00000000,"change_price":1169000.00000000,"ask_bid":"ASK","sequential_id":1619875269000004},{"market":"KRW-BTC","trade_date_utc":"2021-05-01","trade_time_utc":"13:21:09","timestamp":1619875269000,"trade_price":69108000.00000000,"trade_volume":0.00445724,"prev_closing_price":67939000.00000000,"change_price":1169000.00000000,"ask_bid":"ASK","sequential_id":1619875269000003},{"market":"KRW-BTC","trade_date_utc":"2021-05-01","trade_time_utc":"13:21:09","timestamp":1619875269000,"trade_price":69108000.00000000,"trade_volume":0.04934294,"prev_closing_price":67939000.00000000,"change_price":1169000.00000000,"ask_bid":"ASK","sequential_id":1619875269000002},{"market":"KRW-BTC","trade_date_utc":"2021-05-01","trade_time_utc":"13:21:09","timestamp":1619875269000,"trade_price":69107000.00000000,"trade_volume":0.02353573,"prev_closing_price":67939000.00000000,"change_price":1168000.00000000,"ask_bid":"ASK","sequential_id":1619875269000001},{"market":"KRW-BTC","trade_date_utc":"2021-05-01","trade_time_utc":"13:21:09","timestamp":1619875269000,"trade_price":69109000.00000000,"trade_volume":0.03734068,"prev_closing_price":67939000.00000000,"change_price":1170000.00000000,"ask_bid":"BID","sequential_id":1619875269000000},{"market":"KRW-BTC","trade_date_utc":"2021-05-01","trade_time_utc":"13:21:07","timestamp":1619875267000,"trade_price":69108000.00000000,"trade_volume":0.00050000,"prev_closing_price":67939000.00000000,"change_price":1169000.00000000,"ask_bid":"ASK","sequential_id":1619875267000001},{"market":"KRW-BTC","trade_date_utc":"2021-05-01","trade_time_utc":"13:21:07","timestamp":1619875267000,"trade_price":69107000.00000000,"trade_volume":0.03182890,"prev_closing_price":67939000.00000000,"change_price":1168000.00000000,"ask_bid":"ASK","sequential_id":1619875267000000},{"market":"KRW-BTC","trade_date_utc":"2021-05-01","trade_time_utc":"13:21:06","timestamp":1619875266000,"trade_price":69108000.00000000,"trade_volume":0.00723505,"prev_closing_price":67939000.00000000,"change_price":1169000.00000000,"ask_bid":"BID","sequential_id":1619875266000004},{"market":"KRW-BTC","trade_date_utc":"2021-05-01","trade_time_utc":"13:21:06","timestamp":1619875266000,"trade_price":69108000.00000000,"trade_volume":0.00021081,"prev_closing_price":67939000.00000000,"change_price":1169000.00000000,"ask_bid":"BID","sequential_id":1619875266000003},{"market":"KRW-BTC","trade_date_utc":"2021-05-01","trade_time_utc":"13:21:06","timestamp":1619875266000,"trade_price":69109000.00000000,"trade_volume":0.00876112,"prev_closing_price":67939000.00000000,"change_price":1170000.00000000,"ask_bid":"BID","sequential_id":1619875266000002},{"market":"KRW-BTC","trade_date_utc":"2021-05-01","trade_time_utc":"13:21:06","timestamp":1619875266000,"trade_price":69108000.00000000,"trade_volume":0.00367118,"prev_closing_price":67939000.00000000,"change_price":1169000.00000000,"ask_bid":"BID","sequential_id":1619875266000001},{"market":"KRW-BTC","trade_date_utc":"2021-05-01","trade_time_utc":"13:21:06","timestamp":1619875266000,"trade_price":69107000.00000000,"trade_volume":0.00389500,"prev_closing_price":67939000.00000000,"change_price":1168000.00000000,"ask_bid":"ASK","sequential_id":1619875266000000},{"market":"KRW-BTC","trade_date_utc":"2021-05-01","trade_time_utc":"13:21:05","timestamp":1619875265000,"trade_price":69106000.00000000,"trade_volume":0.00164895,"prev_closing_price":67939000.00000000,"change_price":1167000.00000000,"ask_bid":"ASK","sequential_id":1619875265000001},{"market":"KRW-BTC","trade_date_utc":"2021-05-01","trade_time_utc":"13:21:05","timestamp":1619875265000,"trade_price":69107000.00000000,"trade_volume":0.01190898,"prev_closing_price":67939000.00000000,"change_price":1168000.00000000,"ask_bid":"ASK","sequential_id":1619875265000000},{"market":"KRW-BTC","trade_date_utc":"2021-05-01","trade_time_utc":"13:21:04","timestamp":1619875264000,"trade_price":69107000.00000000,"trade_volume":0.00433892,"prev_closing_price":67939000.00000000,"change_price":1168000.00000000,"ask_bid":"ASK","sequential_id":1619875264000017},{"market":"KRW-BTC","trade_date_utc":"2021-05-01","trade_time_utc":"13:21:04","timestamp":1619875264000,"trade_price":69107000.00000000,"trade_volume":0.00614537,"prev_closing_price":67939000.00000000,"change_price":1168000.00000000,"ask_bid":"ASK","sequential_id":1619875264000016},{"market":"KRW-BTC","trade_date_utc":"2021-05-01","trade_time_utc":"13:21:04","timestamp":1619875264000,"trade_price":69107000.00000000,"trade_volume":0.08361202,"prev_closing_price":67939000.00000000,"change_price":1168000.00000000,"ask_bid":"ASK","sequential_id":1619875264000015},{"market":"KRW-BTC","trade_date_utc":"2021-05-01","trade_time_utc":"13:21:04","timestamp":1619875264000,"trade_price":69107000.00000000,"trade_volume":0.00144703,"prev_closing_price":67939000.00000000,"change_price":1168000.00000000,"ask_bid":"ASK","sequential_id":1619875264000014},{"market":"KRW-BTC","trade_date_utc":"2021-05-01","trade_time_utc":"13:21:04","timestamp":1619875264000,"trade_price":69107000.00000000,"trade_volume":0.00014463,"prev_closing_price":67939000.00000000,"change_price":1168000.00000000,"ask_bid":"ASK","sequential_id":1619875264000013},{"market":"KRW-BTC","trade_date_utc":"2021-05-01","trade_time_utc":"13:21:04","timestamp":1619875264000,"trade_price":69107000.00000000,"trade_volume":0.00253315,"prev_closing_price":67939000.00000000,"change_price":1168000.00000000,"ask_bid":"ASK","sequential_id":1619875264000012},{"market":"KRW-BTC","trade_date_utc":"2021-05-01","trade_time_utc":"13:21:04","timestamp":1619875264000,"trade_price":69107000.00000000,"trade_volume":0.00072351,"prev_closing_price":67939000.00000000,"change_price":1168000.00000000,"ask_bid":"ASK","sequential_id":1619875264000011},{"market":"KRW-BTC","trade_date_utc":"2021-05-01","trade_time_utc":"13:21:04","timestamp":1619875264000,"trade_price":69107000.00000000,"trade_volume":0.00775235,"prev_closing_price":67939000.00000000,"change_price":1168000.00000000,"ask_bid":"ASK","sequential_id":1619875264000010},{"market":"KRW-BTC","trade_date_utc":"2021-05-01","trade_time_utc":"13:21:04","timestamp":1619875264000,"trade_price":69107000.00000000,"trade_volume":0.00621636,"prev_closing_price":67939000.00000000,"change_price":1168000.00000000,"ask_bid":"ASK","sequential_id":1619875264000009},{"market":"KRW-BTC","trade_date_utc":"2021-05-01","trade_time_utc":"13:21:04","timestamp":1619875264000,"trade_price":69107000.00000000,"trade_volume":0.00062056,"prev_closing_price":67939000.00000000,"change_price":1168000.00000000,"ask_bid":"ASK","sequential_id":1619875264000008},{"market":"KRW-BTC","trade_date_utc":"2021-05-01","trade_time_utc":"13:21:04","timestamp":1619875264000,"trade_price":69107000.00000000,"trade_volume":0.00144703,"prev_closing_price":67939000.00000000,"change_price":1168000.00000000,"ask_bid":"ASK","sequential_id":1619875264000007},{"market":"KRW-BTC","trade_date_utc":"2021-05-01","trade_time_utc":"13:21:04","timestamp":1619875264000,"trade_price":69107000.00000000,"trade_volume":0.00565963,"prev_closing_price":67939000.00000000,"change_price":1168000.00000000,"ask_bid":"ASK","sequential_id":1619875264000006},{"market":"KRW-BTC","trade_date_utc":"2021-05-01","trade_time_utc":"13:21:04","timestamp":1619875264000,"trade_price":69107000.00000000,"trade_volume":0.01575550,"prev_closing_price":67939000.00000000,"change_price":1168000.00000000,"ask_bid":"ASK","sequential_id":1619875264000005},{"market":"KRW-BTC","trade_date_utc":"2021-05-01","trade_time_utc":"13:21:04","timestamp":1619875264000,"trade_price":69107000.00000000,"trade_volume":0.00138060,"prev_closing_price":67939000.00000000,"change_price":1168000.00000000,"ask_bid":"ASK","sequential_id":1619875264000004},{"market":"KRW-BTC","trade_date_utc":"2021-05-01","trade_time_utc":"13:21:04","timestamp":1619875264000,"trade_price":69108000.00000000,"trade_volume":0.00095413,"prev_closing_price":67939000.00000000,"change_price":1169000.00000000,"ask_bid":"BID","sequential_id":1619875264000003},{"market":"KRW-BTC","trade_date_utc":"2021-05-01","trade_time_utc":"13:21:04","timestamp":1619875264000,"trade_price":69107000.00000000,"trade_volume":0.02555076,"prev_closing_price":67939000.00000000,"change_price":1168000.00000000,"ask_bid":"ASK","sequential_id":1619875264000002},{"market":"KRW-BTC","trade_date_utc":"2021-05-01","trade_time_utc":"13:21:04","timestamp":1619875264000,"trade_price":69107000.00000000,"trade_volume":0.00014395,"prev_closing_price":67939000.00000000,"change_price":1168000.00000000,"ask_bid":"ASK","sequential_id":1619875264000001},{"market":"KRW-BTC","trade_date_utc":"2021-05-01","trade_time_utc":"13:21:04","timestamp":1619875264000,"trade_price":69107000.00000000,"trade_volume":0.01168441,"prev_closing_price":67939000.00000000,"change_price":1168000.00000000,"ask_bid":"ASK","sequential_id":1619875264000000},{"market":"KRW-BTC","trade_date_utc":"2021-05-01","trade_time_utc":"13:21:03","timestamp":1619875263000,"trade_price":69107000.00000000,"trade_volume":0.00387306,"prev_closing_price":67939000.00000000,"change_price":1168000.00000000,"ask_bid":"ASK","sequential_id":1619875263000000},{"market":"KRW-BTC","trade_date_utc":"2021-05-01","trade_time_utc":"13:21:02","timestamp":1619875262000,"trade_price":69107000.00000000,"trade_volume":0.00533838,"prev_closing_price":67939000.00000000,"change_price":1168000.00000000,"ask_bid":"ASK","sequential_id":1619875262000002},{"market":"KRW-BTC","trade_date_utc":"2021-05-01","trade_time_utc":"13:21:02","timestamp":1619875262000,"trade_price":69109000.00000000,"trade_volume":0.03737910,"prev_closing_price":67939000.00000000,"change_price":1170000.00000000,"ask_bid":"BID","sequential_id":1619875262000001},{"market":"KRW-BTC","trade_date_utc":"2021-05-01","trade_time_utc":"13:21:02","timestamp":1619875262000,"trade_price":69108000.00000000,"trade_volume":0.00318203,"prev_closing_price":67939000.00000000,"change_price":1169000.00000000,"ask_bid":"BID","sequential_id":1619875262000000},{"market":"KRW-BTC","trade_date_utc":"2021-05-01","trade_time_utc":"13:21:00","timestamp":1619875260000,"trade_price":69107000.00000000,"trade_volume":0.08423400,"prev_closing_price":67939000.00000000,"change_price":1168000.00000000,"ask_bid":"ASK","sequential_id":1619875260000004},{"market":"KRW-BTC","trade_date_utc":"2021-05-01","trade_time_utc":"13:21:00","timestamp":1619875260000,"trade_price":69108000.00000000,"trade_volume":0.01565289,"prev_closing_price":67939000.00000000,"change_price":1169000.00000000,"ask_bid":"ASK","sequential_id":1619875260000003},{"market":"KRW-BTC","trade_date_utc":"2021-05-01","trade_time_utc":"13:21:00","timestamp":1619875260000,"trade_price":69108000.00000000,"trade_volume":0.03795201,"prev_closing_price":67939000.00000000,"change_price":1169000.00000000,"ask_bid":"ASK","sequential_id":1619875260000002},{"market":"KRW-BTC","trade_date_utc":"2021-05-01","trade_time_utc":"13:21:00","timestamp":1619875260000,"trade_price":69108000.00000000,"trade_volume":0.00146103,"prev_closing_price":67939000.00000000,"change_price":1169000.00000000,"ask_bid":"BID","sequential_id":1619875260000001},{"market":"KRW-BTC","trade_date_utc":"2021-05-01","trade_time_utc":"13:21:00","timestamp":1619875260000,"trade_price":69108000.00000000,"trade_volume":0.01728459,"prev_closing_price":67939000.00000000,"change_price":1169000.00000000,"ask_bid":"BID","sequential_id":1619875260000000},{"market":"KRW-BTC","trade_date_utc":"2021-05-01","trade_time_utc":"13:20:59","timestamp":1619875259000,"trade_price":69107000.00000000,"trade_volume":0.00034000,"prev_closing_price":67939000.00000000,"change_price":1168000.00000000,"ask_bid":"ASK","sequential_id":1619875259000001},{"market":"KRW-BTC","trade_date_utc":"2021-05-01","trade_time_utc":"13:20:59","timestamp":1619875259000,"trade_price":69108000.00000000,"trade_volume":0.00242885,"prev_closing_price":67939000.00000000,"change_price":1169000.00000000,"ask_bid":"BID","sequential_id":1619875259000000},{"market":"KRW-BTC","trade_date_utc":"2021-05-01","trade_time_utc":"13:20:58","timestamp":1619875258000,"trade_price":69108000.00000000,"trade_volume":0.00144628,"prev_closing_price":67939000.00000000,"change_price":1169000.00000000,"ask_bid":"BID","sequential_id":1619875258000002},{"market":"KRW-BTC","trade_date_utc":"2021-05-01","trade_time_utc":"13:20:58","timestamp":1619875258000,"trade_price":69108000.00000000,"trade_volume":0.00741985,"prev_closing_price":67939000.00000000,"change_price":1169000.00000000,"ask_bid":"BID","sequential_id":1619875258000001},{"market":"KRW-BTC","trade_date_utc":"2021-05-01","trade_time_utc":"13:20:58","timestamp":1619875258000,"trade_price":69107000.00000000,"trade_volume":0.00014573,"prev_closing_price":67939000.00000000,"change_price":1168000.00000000,"ask_bid":"ASK","sequential_id":1619875258000000},{"market":"KRW-BTC","trade_date_utc":"2021-05-01","trade_time_utc":"13:20:57","timestamp":1619875257000,"trade_price":69107000.00000000,"trade_volume":0.03741758,"prev_closing_price":67939000.00000000,"change_price":1168000.00000000,"ask_bid":"ASK","sequential_id":1619875257000000},{"market":"KRW-BTC","trade_date_utc":"2021-05-01","trade_time_utc":"13:20:56","timestamp":1619875256000,"trade_price":69108000.00000000,"trade_volume":0.00611260,"prev_closing_price":67939000.00000000,"change_price":1169000.00000000,"ask_bid":"ASK","sequential_id":1619875256000001},{"market":"KRW-BTC","trade_date_utc":"2021-05-01","trade_time_utc":"13:20:56","timestamp":1619875256000,"trade_price":69108000.00000000,"trade_volume":0.00014470,"prev_closing_price":67939000.00000000,"change_price":1169000.00000000,"ask_bid":"ASK","sequential_id":1619875256000000},{"market":"KRW-BTC","trade_date_utc":"2021-05-01","trade_time_utc":"13:20:55","timestamp":1619875255000,"trade_price":69108000.00000000,"trade_volume":0.00487423,"prev_closing_price":67939000.00000000,"change_price":1169000.00000000,"ask_bid":"ASK","sequential_id":1619875255000001},{"market":"KRW-BTC","trade_date_utc":"2021-05-01","trade_time_utc":"13:20:55","timestamp":1619875255000,"trade_price":69108000.00000000,"trade_volume":0.01040865,"prev_closing_price":67939000.00000000,"change_price":1169000.00000000,"ask_bid":"BID","sequential_id":1619875255000000},{"market":"KRW-BTC","trade_date_utc":"2021-05-01","trade_time_utc":"13:20:54","timestamp":1619875254000,"trade_price":69109000.00000000,"trade_volume":0.03741756,"prev_closing_price":67939000.00000000,"change_price":1170000.00000000,"ask_bid":"BID","sequential_id":1619875254000005},{"market":"KRW-BTC","trade_date_utc":"2021-05-01","trade_time_utc":"13:20:54","timestamp":1619875254000,"trade_price":69108000.00000000,"trade_volume":0.00093792,"prev_closing_price":67939000.00000000,"change_price":1169000.00000000,"ask_bid":"BID","sequential_id":1619875254000004},{"market":"KRW-BTC","trade_date_utc":"2021-05-01","trade_time_utc":"13:20:54","timestamp":1619875254000,"trade_price":69108000.00000000,"trade_volume":0.02539229,"prev_closing_price":67939000.00000000,"change_price":1169000.00000000,"ask_bid":"BID","sequential_id":1619875254000003},{"market":"KRW-BTC","trade_date_utc":"2021-05-01","trade_time_utc":"13:20:54","timestamp":1619875254000,"trade_price":69108000.00000000,"trade_volume":0.01164390,"prev_closing_price":67939000.00000000,"change_price":1169000.00000000,"ask_bid":"BID","sequential_id":1619875254000002},{"market":"KRW-BTC","trade_date_utc":"2021-05-01","trade_time_utc":"13:20:54","timestamp":1619875254000,"trade_price":69108000.00000000,"trade_volume":0.00050000,"prev_closing_price":67939000.00000000,"change_price":1169000.00000000,"ask_bid":"BID","sequential_id":1619875254000001},{"market":"KRW-BTC","trade_date_utc":"2021-05-01","trade_time_utc":"13:20:54","timestamp":1619875254000,"trade_price":69108000.00000000,"trade_volume":0.00072350,"prev_closing_price":67939000.00000000,"change_price":1169000.00000000,"ask_bid":"BID","sequential_id":1619875254000000},{"market":"KRW-BTC","trade_date_utc":"2021-05-01","trade_time_utc":"13:20:53","timestamp":1619875253000,"trade_price":69108000.00000000,"trade_volume":0.01705275,"prev_closing_price":67939000.00000000,"change_price":1169000.00000000,"ask_bid":"ASK","sequential_id":1619875253000000},{"market":"KRW-BTC","trade_date_utc":"2021-05-01","trade_time_utc":"13:20:52","timestamp":1619875252000,"trade_price":69107000.00000000,"trade_volume":0.00116745,"prev_closing_price":67939000.00000000,"change_price":1168000.00000000,"ask_bid":"ASK","sequential_id":1619875252000001},{"market":"KRW-BTC","trade_date_utc":"2021-05-01","trade_time_utc":"13:20:52","timestamp":1619875252000,"trade_price":69107000.00000000,"trade_volume":0.00007237,"prev_closing_price":67939000.00000000,"change_price":1168000.00000000,"ask_bid":"ASK","sequential_id":1619875252000000},{"market":"KRW-BTC","trade_date_utc":"2021-05-01","trade_time_utc":"13:20:51","timestamp":1619875251000,"trade_price":69108000.00000000,"trade_volume":0.00433121,"prev_closing_price":67939000.00000000,"change_price":1169000.00000000,"ask_bid":"BID","sequential_id":1619875251000017},{"market":"KRW-BTC","trade_date_utc":"2021-05-01","trade_time_utc":"13:20:51","timestamp":1619875251000,"trade_price":69108000.00000000,"trade_volume":0.01204607,"prev_closing_price":67939000.00000000,"change_price":1169000.00000000,"ask_bid":"BID","sequential_id":1619875251000016},{"market":"KRW-BTC","trade_date_utc":"2021-05-01","trade_time_utc":"13:20:51","timestamp":1619875251000,"trade_price":69108000.00000000,"trade_volume":0.01448981,"prev_closing_price":67939000.00000000,"change_price":1169000.00000000,"ask_bid":"BID","sequential_id":1619875251000015},{"market":"KRW-BTC","trade_date_utc":"2021-05-01","trade_time_utc":"13:20:51","timestamp":1619875251000,"trade_price":69108000.00000000,"trade_volume":0.00754312,"prev_closing_price":67939000.00000000,"change_price":1169000.00000000,"ask_bid":"BID","sequential_id":1619875251000014},{"market":"KRW-BTC","trade_date_utc":"2021-05-01","trade_time_utc":"13:20:51","timestamp":1619875251000,"trade_price":69108000.00000000,"trade_volume":0.03151354,"prev_closing_price":67939000.00000000,"change_price":1169000.00000000,"ask_bid":"BID","sequential_id":1619875251000013},{"market":"KRW-BTC","trade_date_utc":"2021-05-01","trade_time_utc":"13:20:51","timestamp":1619875251000,"trade_price":69108000.00000000,"trade_volume":0.00574649,"prev_closing_price":67939000.00000000,"change_price":1169000.00000000,"ask_bid":"BID","sequential_id":1619875251000012},{"market":"KRW-BTC","trade_date_utc":"2021-05-01","trade_time_utc":"13:20:51","timestamp":1619875251000,"trade_price":69108000.00000000,"trade_volume":0.00034238,"prev_closing_price":67939000.00000000,"change_price":1169000.00000000,"ask_bid":"BID","sequential_id":1619875251000011},{"market":"KRW-BTC","trade_date_utc":"2021-05-01","trade_time_utc":"13:20:51","timestamp":1619875251000,"trade_price":69108000.00000000,"trade_volume":0.00119995,"prev_closing_price":67939000.00000000,"change_price":1169000.00000000,"ask_bid":"BID","sequential_id":1619875251000010},{"market":"KRW-BTC","trade_date_utc":"2021-05-01","trade_time_utc":"13:20:51","timestamp":1619875251000,"trade_price":69108000.00000000,"trade_volume":0.00602070,"prev_closing_price":67939000.00000000,"change_price":1169000.00000000,"ask_bid":"BID","sequential_id":1619875251000009},{"market":"KRW-BTC","trade_date_utc":"2021-05-01","trade_time_utc":"13:20:51","timestamp":1619875251000,"trade_price":69109000.00000000,"trade_volume":0.12976651,"prev_closing_price":67939000.00000000,"change_price":1170000.00000000,"ask_bid":"BID","sequential_id":1619875251000008},{"market":"KRW-BTC","trade_date_utc":"2021-05-01","trade_time_utc":"13:20:51","timestamp":1619875251000,"trade_price":69108000.00000000,"trade_volume":0.00785948,"prev_closing_price":67939000.00000000,"change_price":1169000.00000000,"ask_bid":"BID","sequential_id":1619875251000007},{"market":"KRW-BTC","trade_date_utc":"2021-05-01","trade_time_utc":"13:20:51","timestamp":1619875251000,"trade_price":69108000.00000000,"trade_volume":0.00121740,"prev_closing_price":67939000.00000000,"change_price":1169000.00000000,"ask_bid":"BID","sequential_id":1619875251000006},{"market":"KRW-BTC","trade_date_utc":"2021-05-01","trade_time_utc":"13:20:51","timestamp":1619875251000,"trade_price":69108000.00000000,"trade_volume":0.00247266,"prev_closing_price":67939000.00000000,"change_price":1169000.00000000,"ask_bid":"BID","sequential_id":1619875251000005},{"market":"KRW-BTC","trade_date_utc":"2021-05-01","trade_time_utc":"13:20:51","timestamp":1619875251000,"trade_price":69108000.00000000,"trade_volume":0.00724322,"prev_closing_price":67939000.00000000,"change_price":1169000.00000000,"ask_bid":"BID","sequential_id":1619875251000004},{"market":"KRW-BTC","trade_date_utc":"2021-05-01","trade_time_utc":"13:20:51","timestamp":1619875251000,"trade_price":69108000.00000000,"trade_volume":0.00019160,"prev_closing_price":67939000.00000000,"change_price":1169000.00000000,"ask_bid":"BID","sequential_id":1619875251000003},{"market":"KRW-BTC","trade_date_utc":"2021-05-01","trade_time_utc":"13:20:51","timestamp":1619875251000,"trade_price":69108000.00000000,"trade_volume":0.00753955,"prev_closing_price":67939000.00000000,"change_price":1169000.00000000,"ask_bid":"BID","sequential_id":1619875251000002},{"market":"KRW-BTC","trade_date_utc":"2021-05-01","trade_time_utc":"13:20:51","timestamp":1619875251000,"trade_price":69107000.00000000,"trade_volume":0.00519490,"prev_closing_price":67939000.00000000,"change_price":1168000.00000000,"ask_bid":"ASK","sequential_id":1619875251000001},{"market":"KRW-BTC","trade_date_utc":"2021-05-01","trade_time_utc":"13:20:51","timestamp":1619875251000,"trade_price":69107000.00000000,"trade_volume":0.01412400,"prev_closing_price":67939000.00000000,"change_price":1168000.00000000,"ask_bid":"ASK","sequential_id":1619875251000000},{"market":"KRW-BTC","trade_date_utc":"2021-05-01","trade_time_utc":"13:20:50","timestamp":1619875250000,"trade_price":69107000.00000000,"trade_volume":0.00436082,"prev_closing_price":67939000.00000000,"change_price":1168000.00000000,"ask_bid":"ASK","sequential_id":1619875250000001},{"market":"KRW-BTC","trade_date_utc":"2021-05-01","trade_time_utc":"13:20:50","timestamp":1619875250000,"trade_price":69108000.00000000,"trade_volume":0.00017352,"prev_closing_price":67939000.00000000,"change_price":1169000.00000000,"ask_bid":"BID","sequential_id":1619875250000000},{"market":"KRW-BTC","trade_date_utc":"2021-05-01","trade_time_utc":"13:20:49","timestamp":1619875249000,"trade_price":69107000.00000000,"trade_volume":0.00014470,"prev_closing_price":67939000.00000000,"change_price":1168000.00000000,"ask_bid":"ASK","sequential_id":1619875249000004},{"market":"KRW-BTC","trade_date_utc":"2021-05-01","trade_time_utc":"13:20:49","timestamp":1619875249000,"trade_price":69107000.00000000,"trade_volume":0.01391420,"prev_closing_price":67939000.00000000,"change_price":1168000.00000000,"ask_bid":"ASK","sequential_id":1619875249000003},{"market":"KRW-BTC","trade_date_utc":"2021-05-01","trade_time_utc":"13:20:49","timestamp":1619875249000,"trade_price":69107000.00000000,"trade_volume":0.00521623,"prev_closing_price":67939000.00000000,"change_price":1168000.00000000,"ask_bid":"ASK","sequential_id":1619875249000002},{"market":"KRW-BTC","trade_date_utc":"2021-05-01","trade_time_utc":"13:20:49","timestamp":1619875249000,"trade_price":69107000.00000000,"trade_volume":0.01818095,"prev_closing_price":67939000.00000000,"change_price":1168000.00000000,"ask_bid":"ASK","sequential_id":1619875249000001},{"market":"KRW-BTC","trade_date_utc":"2021-05-01","trade_time_utc":"13:20:49","timestamp":1619875249000,"trade_price":69108000.00000000,"trade_volume":0.00050004,"prev_closing_price":67939000.00000000,"change_price":1169000.00000000,"ask_bid":"BID","sequential_id":1619875249000000},{"market":"KRW-BTC","trade_date_utc":"2021-05-01","trade_time_utc":"13:20:48","timestamp":1619875248000,"trade_price":69108000.00000000,"trade_volume":0.00160100,"prev_closing_price":67939000.00000000,"change_price":1169000.00000000,"ask_bid":"BID","sequential_id":1619875248000000},{"market":"KRW-BTC","trade_date_utc":"2021-05-01","trade_time_utc":"13:20:47","timestamp":1619875247000,"trade_price":69108000.00000000,"trade_volume":0.00014899,"prev_closing_price":67939000.00000000,"change_price":1169000.00000000,"ask_bid":"BID","sequential_id":1619875247000006},{"market":"KRW-BTC","trade_date_utc":"2021-05-01","trade_time_utc":"13:20:47","timestamp":1619875247000,"trade_price":69108000.00000000,"trade_volume":0.00187488,"prev_closing_price":67939000.00000000,"change_price":1169000.00000000,"ask_bid":"BID","sequential_id":1619875247000005},{"market":"KRW-BTC","trade_date_utc":"2021-05-01","trade_time_utc":"13:20:47","timestamp":1619875247000,"trade_price":69108000.00000000,"trade_volume":0.00259675,"prev_closing_price":67939000.00000000,"change_price":1169000.00000000,"ask_bid":"BID","sequential_id":1619875247000004},{"market":"KRW-BTC","trade_date_utc":"2021-05-01","trade_time_utc":"13:20:47","timestamp":1619875247000,"trade_price":69108000.00000000,"trade_volume":0.00086967,"prev_closing_price":67939000.00000000,"change_price":1169000.00000000,"ask_bid":"BID","sequential_id":1619875247000003},{"market":"KRW-BTC","trade_date_utc":"2021-05-01","trade_time_utc":"13:20:47","timestamp":1619875247000,"trade_price":69108000.00000000,"trade_volume":0.01595859,"prev_closing_price":67939000.00000000,"change_price":1169000.00000000,"ask_bid":"BID","sequential_id":1619875247000002},{"market":"KRW-BTC","trade_date_utc":"2021-05-01","trade_time_utc":"13:20:47","timestamp":1619875247000,"trade_price":69108000.00000000,"trade_volume":0.00338140,"prev_closing_price":67939000.00000000,"change_price":1169000.00000000,"ask_bid":"BID","sequential_id":1619875247000001},{"market":"KRW-BTC","trade_date_utc":"2021-05-01","trade_time_utc":"13:20:47","timestamp":1619875247000,"trade_price":69108000.00000000,"trade_volume":0.01811607,"prev_closing_price":67939000.00000000,"change_price":1169000.00000000,"ask_bid":"BID","sequential_id":1619875247000000},{"market":"KRW-BTC","trade_date_utc":"2021-05-01","trade_time_utc":"13:20:46","timestamp":1619875246000,"trade_price":69108000.00000000,"trade_volume":0.00213824,"prev_closing_price":67939000.00000000,"change_price":1169000.00000000,"ask_bid":"BID","sequential_id":1619875246000001},{"market":"KRW-BTC","trade_date_utc":"2021-05-01","trade_time_utc":"13:20:46","timestamp":1619875246000,"trade_price":69107000.00000000,"trade_volume":0.03607795,"prev_closing_price":67939000.00000000,"change_price":1168000.00000000,"ask_bid":"ASK","sequential_id":1619875246000000},{"market":"KRW-BTC","trade_date_utc":"2021-05-01","trade_time_utc":"13:20:45","timestamp":1619875245000,"trade_price":69108000.00000000,"trade_volume":0.01355447,"prev_closing_price":67939000.00000000,"change_price":1169000.00000000,"ask_bid":"BID","sequential_id":1619875245000000},{"market":"KRW-BTC","trade_date_utc":"2021-05-01","trade_time_utc":"13:20:43","timestamp":1619875243000,"trade_price":69108000.00000000,"trade_volume":0.02298925,"prev_closing_price":67939000.00000000,"change_price":1169000.00000000,"ask_bid":"BID","sequential_id":1619875243000001},{"market":"KRW-BTC","trade_date_utc":"2021-05-01","trade_time_utc":"13:20:43","timestamp":1619875243000,"trade_price":69107000.00000000,"trade_volume":0.02471875,"prev_closing_price":67939000.00000000,"change_price":1168000.00000000,"ask_bid":"BID","sequential_id":1619875243000000},{"market":"KRW-BTC","trade_date_utc":"2021-05-01","trade_time_utc":"13:20:42","timestamp":1619875242000,"trade_price":69107000.00000000,"trade_volume":0.00500000,"prev_closing_price":67939000.00000000,"change_price":1168000.00000000,"ask_bid":"BID","sequential_id":1619875242000002},{"market":"KRW-BTC","trade_date_utc":"2021-05-01","trade_time_utc":"13:20:42","timestamp":1619875242000,"trade_price":69106000.00000000,"trade_volume":0.03378336,"prev_closing_price":67939000.00000000,"change_price":1167000.00000000,"ask_bid":"ASK","sequential_id":1619875242000001},{"market":"KRW-BTC","trade_date_utc":"2021-05-01","trade_time_utc":"13:20:42","timestamp":1619875242000,"trade_price":69106000.00000000,"trade_volume":0.00371126,"prev_closing_price":67939000.00000000,"change_price":1167000.00000000,"ask_bid":"ASK","sequential_id":1619875242000000},{"market":"KRW-BTC","trade_date_utc":"2021-05-01","trade_time_utc":"13:20:41","timestamp":1619875241000,"trade_price":69107000.00000000,"trade_volume":0.00050000,"prev_closing_price":67939000.00000000,"change_price":1168000.00000000,"ask_bid":"BID","sequential_id":1619875241000000},{"market":"KRW-BTC","trade_date_utc":"2021-05-01","trade_time_utc":"13:20:40","timestamp":1619875240000,"trade_price":69107000.00000000,"trade_volume":0.03749460,"prev_closing_price":67939000.00000000,"change_price":1168000.00000000,"ask_bid":"BID","sequential_id":1619875240000004},{"market":"KRW-BTC","trade_date_utc":"2021-05-01","trade_time_utc":"13:20:40","timestamp":1619875240000,"trade_price":69106000.00000000,"trade_volume":0.00072352,"prev_closing_price":67939000.00000000,"change_price":1167000.00000000,"ask_bid":"ASK","sequential_id":1619875240000003},{"market":"KRW-BTC","trade_date_utc":"2021-05-01","trade_time_utc":"13:20:40","timestamp":1619875240000,"trade_price":69106000.00000000,"trade_volume":0.00081826,"prev_closing_price":67939000.00000000,"change_price":1167000.00000000,"ask_bid":"ASK","sequential_id":1619875240000002},{"market":"KRW-BTC","trade_date_utc":"2021-05-01","trade_time_utc":"13:20:40","timestamp":1619875240000,"trade_price":69106000.00000000,"trade_volume":0.00062989,"prev_closing_price":67939000.00000000,"change_price":1167000.00000000,"ask_bid":"ASK","sequential_id":1619875240000001},{"market":"KRW-BTC","trade_date_utc":"2021-05-01","trade_time_utc":"13:20:40","timestamp":1619875240000,"trade_price":69107000.00000000,"trade_volume":0.08998098,"prev_closing_price":67939000.00000000,"change_price":1168000.00000000,"ask_bid":"BID","sequential_id":1619875240000000},{"market":"KRW-BTC","trade_date_utc":"2021-05-01","trade_time_utc":"13:20:39","timestamp":1619875239000,"trade_price":69108000.00000000,"trade_volume":0.00050000,"prev_closing_price":67939000.00000000,"change_price":1169000.00000000,"ask_bid":"BID","sequential_id":1619875239000007},{"market":"KRW-BTC","trade_date_utc":"2021-05-01","trade_time_utc":"13:20:39","timestamp":1619875239000,"trade_price":69107000.00000000,"trade_volume":0.11608943,"prev_closing_price":67939000.00000000,"change_price":1168000.00000000,"ask_bid":"ASK","sequential_id":1619875239000006},{"market":"KRW-BTC","trade_date_utc":"2021-05-01","trade_time_utc":"13:20:39","timestamp":1619875239000,"trade_price":69107000.00000000,"trade_volume":0.00043410,"prev_closing_price":67939000.00000000,"change_price":1168000.00000000,"ask_bid":"ASK","sequential_id":1619875239000005},{"market":"KRW-BTC","trade_date_utc":"2021-05-01","trade_time_utc":"13:20:39","timestamp":1619875239000,"trade_price":69107000.00000000,"trade_volume":0.00256897,"prev_closing_price":67939000.00000000,"change_price":1168000.00000000,"ask_bid":"ASK","sequential_id":1619875239000004},{"market":"KRW-BTC","trade_date_utc":"2021-05-01","trade_time_utc":"13:20:39","timestamp":1619875239000,"trade_price":69107000.00000000,"trade_volume":0.02564029,"prev_closing_price":67939000.00000000,"change_price":1168000.00000000,"ask_bid":"ASK","sequential_id":1619875239000003},{"market":"KRW-BTC","trade_date_utc":"2021-05-01","trade_time_utc":"13:20:39","timestamp":1619875239000,"trade_price":69107000.00000000,"trade_volume":0.00043410,"prev_closing_price":67939000.00000000,"change_price":1168000.00000000,"ask_bid":"ASK","sequential_id":1619875239000002},{"market":"KRW-BTC","trade_date_utc":"2021-05-01","trade_time_utc":"13:20:39","timestamp":1619875239000,"trade_price":69107000.00000000,"trade_volume":0.00643153,"prev_closing_price":67939000.00000000,"change_price":1168000.00000000,"ask_bid":"ASK","sequential_id":1619875239000001},{"market":"KRW-BTC","trade_date_utc":"2021-05-01","trade_time_utc":"13:20:39","timestamp":1619875239000,"trade_price":69107000.00000000,"trade_volume":0.00839183,"prev_closing_price":67939000.00000000,"change_price":1168000.00000000,"ask_bid":"ASK","sequential_id":1619875239000000},{"market":"KRW-BTC","trade_date_utc":"2021-05-01","trade_time_utc":"13:20:38","timestamp":1619875238000,"trade_price":69108000.00000000,"trade_volume":0.00050000,"prev_closing_price":67939000.00000000,"change_price":1169000.00000000,"ask_bid":"BID","sequential_id":1619875238000000},{"market":"KRW-BTC","trade_date_utc":"2021-05-01","trade_time_utc":"13:20:37","timestamp":1619875237000,"trade_price":69108000.00000000,"trade_volume":0.00144701,"prev_closing_price":67939000.00000000,"change_price":1169000.00000000,"ask_bid":"BID","sequential_id":1619875237000000},{"market":"KRW-BTC","trade_date_utc":"2021-05-01","trade_time_utc":"13:20:35","timestamp":1619875235000,"trade_price":69107000.00000000,"trade_volume":0.03753211,"prev_closing_price":67939000.00000000,"change_price":1168000.00000000,"ask_bid":"ASK","sequential_id":1619875235000001},{"market":"KRW-BTC","trade_date_utc":"2021-05-01","trade_time_utc":"13:20:35","timestamp":1619875235000,"trade_price":69108000.00000000,"trade_volume":0.00043410,"prev_closing_price":67939000.00000000,"change_price":1169000.00000000,"ask_bid":"BID","sequential_id":1619875235000000},{"market":"KRW-BTC","trade_date_utc":"2021-05-01","trade_time_utc":"13:20:34","timestamp":1619875234000,"trade_price":69108000.00000000,"trade_volume":0.00608288,"prev_closing_price":67939000.00000000,"change_price":1169000.00000000,"ask_bid":"BID","sequential_id":1619875234000002},{"market":"KRW-BTC","trade_date_utc":"2021-05-01","trade_time_utc":"13:20:34","timestamp":1619875234000,"trade_price":69108000.00000000,"trade_volume":0.00014470,"prev_closing_price":67939000.00000000,"change_price":1169000.00000000,"ask_bid":"BID","sequential_id":1619875234000001},{"market":"KRW-BTC","trade_date_utc":"2021-05-01","trade_time_utc":"13:20:34","timestamp":1619875234000,"trade_price":69108000.00000000,"trade_volume":0.00007870,"prev_closing_price":67939000.00000000,"change_price":1169000.00000000,"ask_bid":"BID","sequential_id":1619875234000000},{"market":"KRW-BTC","trade_date_utc":"2021-05-01","trade_time_utc":"13:20:33","timestamp":1619875233000,"trade_price":69108000.00000000,"trade_volume":0.03753209,"prev_closing_price":67939000.00000000,"change_price":1169000.00000000,"ask_bid":"BID","sequential_id":1619875233000001},{"market":"KRW-BTC","trade_date_utc":"2021-05-01","trade_time_utc":"13:20:33","timestamp":1619875233000,"trade_price":69107000.00000000,"trade_volume":0.00309123,"prev_closing_price":67939000.00000000,"change_price":1168000.00000000,"ask_bid":"ASK","sequential_id":1619875233000000},{"market":"KRW-BTC","trade_date_utc":"2021-05-01","trade_time_utc":"13:20:31","timestamp":1619875231000,"trade_price":69108000.00000000,"trade_volume":0.32218713,"prev_closing_price":67939000.00000000,"change_price":1169000.00000000,"ask_bid":"BID","sequential_id":1619875231000001},{"market":"KRW-BTC","trade_date_utc":"2021-05-01","trade_time_utc":"13:20:31","timestamp":1619875231000,"trade_price":69107000.00000000,"trade_volume":0.00138626,"prev_closing_price":67939000.00000000,"change_price":1168000.00000000,"ask_bid":"ASK","sequential_id":1619875231000000},{"market":"KRW-BTC","trade_date_utc":"2021-05-01","trade_time_utc":"13:20:30","timestamp":1619875230000,"trade_price":69108000.00000000,"trade_volume":0.00361571,"prev_closing_price":67939000.00000000,"change_price":1169000.00000000,"ask_bid":"BID","sequential_id":1619875230000002},{"market":"KRW-BTC","trade_date_utc":"2021-05-01","trade_time_utc":"13:20:30","timestamp":1619875230000,"trade_price":69107000.00000000,"trade_volume":0.00092977,"prev_closing_price":67939000.00000000,"change_price":1168000.00000000,"ask_bid":"ASK","sequential_id":1619875230000001},{"market":"KRW-BTC","trade_date_utc":"2021-05-01","trade_time_utc":"13:20:30","timestamp":1619875230000,"trade_price":69108000.00000000,"trade_volume":0.00390406,"prev_closing_price":67939000.00000000,"change_price":1169000.00000000,"ask_bid":"BID","sequential_id":1619875230000000},{"market":"KRW-BTC","trade_date_utc":"2021-05-01","trade_time_utc":"13:20:29","timestamp":1619875229000,"trade_price":69107000.00000000,"trade_volume":0.00866828,"prev_closing_price":67939000.00000000,"change_price":1168000.00000000,"ask_bid":"ASK","sequential_id":1619875229000003},{"market":"KRW-BTC","trade_date_utc":"2021-05-01","trade_time_utc":"13:20:29","timestamp":1619875229000,"trade_price":69108000.00000000,"trade_volume":0.00410896,"prev_closing_price":67939000.00000000,"change_price":1169000.00000000,"ask_bid":"BID","sequential_id":1619875229000002},{"market":"KRW-BTC","trade_date_utc":"2021-05-01","trade_time_utc":"13:20:29","timestamp":1619875229000,"trade_price":69108000.00000000,"trade_volume":0.00060000,"prev_closing_price":67939000.00000000,"change_price":1169000.00000000,"ask_bid":"BID","sequential_id":1619875229000001},{"market":"KRW-BTC","trade_date_utc":"2021-05-01","trade_time_utc":"13:20:29","timestamp":1619875229000,"trade_price":69107000.00000000,"trade_volume":0.14910396,"prev_closing_price":67939000.00000000,"change_price":1168000.00000000,"ask_bid":"ASK","sequential_id":1619875229000000},{"market":"KRW-BTC","trade_date_utc":"2021-05-01","trade_time_utc":"13:20:28","timestamp":1619875228000,"trade_price":69108000.00000000,"trade_volume":0.00057880,"prev_closing_price":67939000.00000000,"change_price":1169000.00000000,"ask_bid":"BID","sequential_id":1619875228000003},{"market":"KRW-BTC","trade_date_utc":"2021-05-01","trade_time_utc":"13:20:28","timestamp":1619875228000,"trade_price":69107000.00000000,"trade_volume":0.00082187,"prev_closing_price":67939000.00000000,"change_price":1168000.00000000,"ask_bid":"ASK","sequential_id":1619875228000002},{"market":"KRW-BTC","trade_date_utc":"2021-05-01","trade_time_utc":"13:20:28","timestamp":1619875228000,"trade_price":69107000.00000000,"trade_volume":0.02520840,"prev_closing_price":67939000.00000000,"change_price":1168000.00000000,"ask_bid":"ASK","sequential_id":1619875228000001},{"market":"KRW-BTC","trade_date_utc":"2021-05-01","trade_time_utc":"13:20:28","timestamp":1619875228000,"trade_price":69107000.00000000,"trade_volume":0.01236179,"prev_closing_price":67939000.00000000,"change_price":1168000.00000000,"ask_bid":"ASK","sequential_id":1619875228000000},{"market":"KRW-BTC","trade_date_utc":"2021-05-01","trade_time_utc":"13:20:27","timestamp":1619875227000,"trade_price":69108000.00000000,"trade_volume":0.00014470,"prev_closing_price":67939000.00000000,"change_price":1169000.00000000,"ask_bid":"BID","sequential_id":1619875227000001},{"market":"KRW-BTC","trade_date_utc":"2021-05-01","trade_time_utc":"13:20:27","timestamp":1619875227000,"trade_price":69108000.00000000,"trade_volume":0.00057764,"prev_closing_price":67939000.00000000,"change_price":1169000.00000000,"ask_bid":"BID","sequential_id":1619875227000000},{"market":"KRW-BTC","trade_date_utc":"2021-05-01","trade_time_utc":"13:20:26","timestamp":1619875226000,"trade_price":69108000.00000000,"trade_volume":0.00646063,"prev_closing_price":67939000.00000000,"change_price":1169000.00000000,"ask_bid":"BID","sequential_id":1619875226000011},{"market":"KRW-BTC","trade_date_utc":"2021-05-01","trade_time_utc":"13:20:26","timestamp":1619875226000,"trade_price":69107000.00000000,"trade_volume":0.01836069,"prev_closing_price":67939000.00000000,"change_price":1168000.00000000,"ask_bid":"ASK","sequential_id":1619875226000010},{"market":"KRW-BTC","trade_date_utc":"2021-05-01","trade_time_utc":"13:20:26","timestamp":1619875226000,"trade_price":69108000.00000000,"trade_volume":0.00290139,"prev_closing_price":67939000.00000000,"change_price":1169000.00000000,"ask_bid":"BID","sequential_id":1619875226000009},{"market":"KRW-BTC","trade_date_utc":"2021-05-01","trade_time_utc":"13:20:26","timestamp":1619875226000,"trade_price":69108000.00000000,"trade_volume":0.02804968,"prev_closing_price":67939000.00000000,"change_price":1169000.00000000,"ask_bid":"BID","sequential_id":1619875226000008},{"market":"KRW-BTC","trade_date_utc":"2021-05-01","trade_time_utc":"13:20:26","timestamp":1619875226000,"trade_price":69108000.00000000,"trade_volume":0.05624800,"prev_closing_price":67939000.00000000,"change_price":1169000.00000000,"ask_bid":"BID","sequential_id":1619875226000007},{"market":"KRW-BTC","trade_date_utc":"2021-05-01","trade_time_utc":"13:20:26","timestamp":1619875226000,"trade_price":69108000.00000000,"trade_volume":0.00284695,"prev_closing_price":67939000.00000000,"change_price":1169000.00000000,"ask_bid":"BID","sequential_id":1619875226000006},{"market":"KRW-BTC","trade_date_utc":"2021-05-01","trade_time_utc":"13:20:26","timestamp":1619875226000,"trade_price":69108000.00000000,"trade_volume":0.00030688,"prev_closing_price":67939000.00000000,"change_price":1169000.00000000,"ask_bid":"BID","sequential_id":1619875226000005},{"market":"KRW-BTC","trade_date_utc":"2021-05-01","trade_time_utc":"13:20:26","timestamp":1619875226000,"trade_price":69108000.00000000,"trade_volume":0.00157457,"prev_closing_price":67939000.00000000,"change_price":1169000.00000000,"ask_bid":"BID","sequential_id":1619875226000004},{"market":"KRW-BTC","trade_date_utc":"2021-05-01","trade_time_utc":"13:20:26","timestamp":1619875226000,"trade_price":69108000.00000000,"trade_volume":0.00610395,"prev_closing_price":67939000.00000000,"change_price":1169000.00000000,"ask_bid":"BID","sequential_id":1619875226000003},{"market":"KRW-BTC","trade_date_utc":"2021-05-01","trade_time_utc":"13:20:26","timestamp":1619875226000,"trade_price":69108000.00000000,"trade_volume":0.03590183,"prev_closing_price":67939000.00000000,"change_price":1169000.00000000,"ask_bid":"BID","sequential_id":1619875226000002},{"market":"KRW-BTC","trade_date_utc":"2021-05-01","trade_time_utc":"13:20:26","timestamp":1619875226000,"trade_price":69108000.00000000,"trade_volume":0.00119995,"prev_closing_price":67939000.00000000,"change_price":1169000.00000000,"ask_bid":"BID","sequential_id":1619875226000001},{"market":"KRW-BTC","trade_date_utc":"2021-05-01","trade_time_utc":"13:20:26","timestamp":1619875226000,"trade_price":69108000.00000000,"trade_volume":0.00046839,"prev_closing_price":67939000.00000000,"change_price":1169000.00000000,"ask_bid":"BID","sequential_id":1619875226000000},{"market":"KRW-BTC","trade_date_utc":"2021-05-01","trade_time_utc":"13:20:25","timestamp":1619875225000,"trade_price":69108000.00000000,"trade_volume":0.00077895,"prev_closing_price":67939000.00000000,"change_price":1169000.00000000,"ask_bid":"BID","sequential_id":1619875225000002},{"market":"KRW-BTC","trade_date_utc":"2021-05-01","trade_time_utc":"13:20:25","timestamp":1619875225000,"trade_price":69107000.00000000,"trade_volume":0.00165862,"prev_closing_price":67939000.00000000,"change_price":1168000.00000000,"ask_bid":"BID","sequential_id":1619875225000001},{"market":"KRW-BTC","trade_date_utc":"2021-05-01","trade_time_utc":"13:20:25","timestamp":1619875225000,"trade_price":69107000.00000000,"trade_volume":0.00137401,"prev_closing_price":67939000.00000000,"change_price":1168000.00000000,"ask_bid":"BID","sequential_id":1619875225000000},{"market":"KRW-BTC","trade_date_utc":"2021-05-01","trade_time_utc":"13:20:24","timestamp":1619875224000,"trade_price":69107000.00000000,"trade_volume":0.07295713,"prev_closing_price":67939000.00000000,"change_price":1168000.00000000,"ask_bid":"ASK","sequential_id":1619875224000001},{"market":"KRW-BTC","trade_date_utc":"2021-05-01","trade_time_utc":"13:20:24","timestamp":1619875224000,"trade_price":69108000.00000000,"trade_volume":0.00493263,"prev_closing_price":67939000.00000000,"change_price":1169000.00000000,"ask_bid":"BID","sequential_id":1619875224000000},{"market":"KRW-BTC","trade_date_utc":"2021-05-01","trade_time_utc":"13:20:23","timestamp":1619875223000,"trade_price":69108000.00000000,"trade_volume":0.06221721,"prev_closing_price":67939000.00000000,"change_price":1169000.00000000,"ask_bid":"BID","sequential_id":1619875223000002},{"market":"KRW-BTC","trade_date_utc":"2021-05-01","trade_time_utc":"13:20:23","timestamp":1619875223000,"trade_price":69108000.00000000,"trade_volume":0.03721527,"prev_closing_price":67939000.00000000,"change_price":1169000.00000000,"ask_bid":"BID","sequential_id":1619875223000001},{"market":"KRW-BTC","trade_date_utc":"2021-05-01","trade_time_utc":"13:20:23","timestamp":1619875223000,"trade_price":69108000.00000000,"trade_volume":0.01447010,"prev_closing_price":67939000.00000000,"change_price":1169000.00000000,"ask_bid":"BID","sequential_id":1619875223000000},{"market":"KRW-BTC","trade_date_utc":"2021-05-01","trade_time_utc":"13:20:22","timestamp":1619875222000,"trade_price":69108000.00000000,"trade_volume":0.00393173,"prev_closing_price":67939000.00000000,"change_price":1169000.00000000,"ask_bid":"BID","sequential_id":1619875222000000},{"market":"KRW-BTC","trade_date_utc":"2021-05-01","trade_time_utc":"13:20:21","timestamp":1619875221000,"trade_price":69107000.00000000,"trade_volume":0.07235262,"prev_closing_price":67939000.00000000,"change_price":1168000.00000000,"ask_bid":"ASK","sequential_id":1619875221000000},{"market":"KRW-BTC","trade_date_utc":"2021-05-01","trade_time_utc":"13:20:20","timestamp":1619875220000,"trade_price":69106000.00000000,"trade_volume":0.00506468,"prev_closing_price":67939000.00000000,"change_price":1167000.00000000,"ask_bid":"ASK","sequential_id":1619875220000007},{"market":"KRW-BTC","trade_date_utc":"2021-05-01","trade_time_utc":"13:20:20","timestamp":1619875220000,"trade_price":69106000.00000000,"trade_volume":0.01254923,"prev_closing_price":67939000.00000000,"change_price":1167000.00000000,"ask_bid":"ASK","sequential_id":1619875220000006},{"market":"KRW-BTC","trade_date_utc":"2021-05-01","trade_time_utc":"13:20:20","timestamp":1619875220000,"trade_price":69105000.00000000,"trade_volume":0.00108347,"prev_closing_price":67939000.00000000,"change_price":1166000.00000000,"ask_bid":"ASK","sequential_id":1619875220000005},{"market":"KRW-BTC","trade_date_utc":"2021-05-01","trade_time_utc":"13:20:20","timestamp":1619875220000,"trade_price":69107000.00000000,"trade_volume":0.00007236,"prev_closing_price":67939000.00000000,"change_price":1168000.00000000,"ask_bid":"ASK","sequential_id":1619875220000004},{"market":"KRW-BTC","trade_date_utc":"2021-05-01","trade_time_utc":"13:20:20","timestamp":1619875220000,"trade_price":69106000.00000000,"trade_volume":0.00289414,"prev_closing_price":67939000.00000000,"change_price":1167000.00000000,"ask_bid":"ASK","sequential_id":1619875220000003},{"market":"KRW-BTC","trade_date_utc":"2021-05-01","trade_time_utc":"13:20:20","timestamp":1619875220000,"trade_price":69107000.00000000,"trade_volume":0.01449772,"prev_closing_price":67939000.00000000,"change_price":1168000.00000000,"ask_bid":"ASK","sequential_id":1619875220000002},{"market":"KRW-BTC","trade_date_utc":"2021-05-01","trade_time_utc":"13:20:20","timestamp":1619875220000,"trade_price":69106000.00000000,"trade_volume":0.00144705,"prev_closing_price":67939000.00000000,"change_price":1167000.00000000,"ask_bid":"ASK","sequential_id":1619875220000001},{"market":"KRW-BTC","trade_date_utc":"2021-05-01","trade_time_utc":"13:20:20","timestamp":1619875220000,"trade_price":69108000.00000000,"trade_volume":0.01100000,"prev_closing_price":67939000.00000000,"change_price":1169000.00000000,"ask_bid":"BID","sequential_id":1619875220000000},{"market":"KRW-BTC","trade_date_utc":"2021-05-01","trade_time_utc":"13:20:19","timestamp":1619875219000,"trade_price":69108000.00000000,"trade_volume":0.00007235,"prev_closing_price":67939000.00000000,"change_price":1169000.00000000,"ask_bid":"BID","sequential_id":1619875219000001},{"market":"KRW-BTC","trade_date_utc":"2021-05-01","trade_time_utc":"13:20:19","timestamp":1619875219000,"trade_price":69108000.00000000,"trade_volume":0.00028940,"prev_closing_price":67939000.00000000,"change_price":1169000.00000000,"ask_bid":"BID","sequential_id":1619875219000000},{"market":"KRW-BTC","trade_date_utc":"2021-05-01","trade_time_utc":"13:20:18","timestamp":1619875218000,"trade_price":69108000.00000000,"trade_volume":0.03760863,"prev_closing_price":67939000.00000000,"change_price":1169000.00000000,"ask_bid":"BID","sequential_id":1619875218000001},{"market":"KRW-BTC","trade_date_utc":"2021-05-01","trade_time_utc":"13:20:18","timestamp":1619875218000,"trade_price":69106000.00000000,"trade_volume":0.00958622,"prev_closing_price":67939000.00000000,"change_price":1167000.00000000,"ask_bid":"BID","sequential_id":1619875218000000},{"market":"KRW-BTC","trade_date_utc":"2021-05-01","trade_time_utc":"13:20:17","timestamp":1619875217000,"trade_price":69107000.00000000,"trade_volume":0.01866352,"prev_closing_price":67939000.00000000,"change_price":1168000.00000000,"ask_bid":"ASK","sequential_id":1619875217000001},{"market":"KRW-BTC","trade_date_utc":"2021-05-01","trade_time_utc":"13:20:17","timestamp":1619875217000,"trade_price":69106000.00000000,"trade_volume":0.02892779,"prev_closing_price":67939000.00000000,"change_price":1167000.00000000,"ask_bid":"ASK","sequential_id":1619875217000000},{"market":"KRW-BTC","trade_date_utc":"2021-05-01","trade_time_utc":"13:20:16","timestamp":1619875216000,"trade_price":69108000.00000000,"trade_volume":0.00050000,"prev_closing_price":67939000.00000000,"change_price":1169000.00000000,"ask_bid":"BID","sequential_id":1619875216000013},{"market":"KRW-BTC","trade_date_utc":"2021-05-01","trade_time_utc":"13:20:16","timestamp":1619875216000,"trade_price":69105000.00000000,"trade_volume":0.04451492,"prev_closing_price":67939000.00000000,"change_price":1166000.00000000,"ask_bid":"ASK","sequential_id":1619875216000012},{"market":"KRW-BTC","trade_date_utc":"2021-05-01","trade_time_utc":"13:20:16","timestamp":1619875216000,"trade_price":69106000.00000000,"trade_volume":0.00931016,"prev_closing_price":67939000.00000000,"change_price":1167000.00000000,"ask_bid":"ASK","sequential_id":1619875216000011},{"market":"KRW-BTC","trade_date_utc":"2021-05-01","trade_time_utc":"13:20:16","timestamp":1619875216000,"trade_price":69106000.00000000,"trade_volume":0.03038809,"prev_closing_price":67939000.00000000,"change_price":1167000.00000000,"ask_bid":"ASK","sequential_id":1619875216000010},{"market":"KRW-BTC","trade_date_utc":"2021-05-01","trade_time_utc":"13:20:16","timestamp":1619875216000,"trade_price":69106000.00000000,"trade_volume":0.00170578,"prev_closing_price":67939000.00000000,"change_price":1167000.00000000,"ask_bid":"ASK","sequential_id":1619875216000009},{"market":"KRW-BTC","trade_date_utc":"2021-05-01","trade_time_utc":"13:20:16","timestamp":1619875216000,"trade_price":69106000.00000000,"trade_volume":0.00289384,"prev_closing_price":67939000.00000000,"change_price":1167000.00000000,"ask_bid":"ASK","sequential_id":1619875216000008},{"market":"KRW-BTC","trade_date_utc":"2021-05-01","trade_time_utc":"13:20:16","timestamp":1619875216000,"trade_price":69106000.00000000,"trade_volume":0.22926313,"prev_closing_price":67939000.00000000,"change_price":1167000.00000000,"ask_bid":"ASK","sequential_id":1619875216000007},{"market":"KRW-BTC","trade_date_utc":"2021-05-01","trade_time_utc":"13:20:16","timestamp":1619875216000,"trade_price":69106000.00000000,"trade_volume":0.00092562,"prev_closing_price":67939000.00000000,"change_price":1167000.00000000,"ask_bid":"ASK","sequential_id":1619875216000006},{"market":"KRW-BTC","trade_date_utc":"2021-05-01","trade_time_utc":"13:20:16","timestamp":1619875216000,"trade_price":69106000.00000000,"trade_volume":0.04063059,"prev_closing_price":67939000.00000000,"change_price":1167000.00000000,"ask_bid":"ASK","sequential_id":1619875216000005},{"market":"KRW-BTC","trade_date_utc":"2021-05-01","trade_time_utc":"13:20:16","timestamp":1619875216000,"trade_price":69106000.00000000,"trade_volume":0.04000000,"prev_closing_price":67939000.00000000,"change_price":1167000.00000000,"ask_bid":"ASK","sequential_id":1619875216000004},{"market":"KRW-BTC","trade_date_utc":"2021-05-01","trade_time_utc":"13:20:16","timestamp":1619875216000,"trade_price":69106000.00000000,"trade_volume":0.00384029,"prev_closing_price":67939000.00000000,"change_price":1167000.00000000,"ask_bid":"ASK","sequential_id":1619875216000003},{"market":"KRW-BTC","trade_date_utc":"2021-05-01","trade_time_utc":"13:20:16","timestamp":1619875216000,"trade_price":69106000.00000000,"trade_volume":0.00144634,"prev_closing_price":67939000.00000000,"change_price":1167000.00000000,"ask_bid":"ASK","sequential_id":1619875216000002},{"market":"KRW-BTC","trade_date_utc":"2021-05-01","trade_time_utc":"13:20:16","timestamp":1619875216000,"trade_price":69106000.00000000,"trade_volume":0.00143613,"prev_closing_price":67939000.00000000,"change_price":1167000.00000000,"ask_bid":"ASK","sequential_id":1619875216000001},{"market":"KRW-BTC","trade_date_utc":"2021-05-01","trade_time_utc":"13:20:16","timestamp":1619875216000,"trade_price":69106000.00000000,"trade_volume":0.02218770,"prev_closing_price":67939000.00000000,"change_price":1167000.00000000,"ask_bid":"ASK","sequential_id":1619875216000000},{"market":"KRW-BTC","trade_date_utc":"2021-05-01","trade_time_utc":"13:20:15","timestamp":1619875215000,"trade_price":69106000.00000000,"trade_volume":0.01393815,"prev_closing_price":67939000.00000000,"change_price":1167000.00000000,"ask_bid":"ASK","sequential_id":1619875215000002}